03.07.2018 00:00:01.833,1.49938,1.49738,2.36,2.15
03.07.2018 00:00:03.257,1.49938,1.49738,1.57,2.69
03.07.2018 00:00:04.801,1.49937,1.49737,1.3,1.89
03.07.2018 00:00:06.206,1.49937,1.49737,1.25,1.43
03.07.2018 00:00:07.799,1.49936,1.49736,2.71,2.36
03.07.2018 00:00:09.295,1.49936,1.49736,2.53,1.26
03.07.2018 00:00:10.671,1.49936,1.49736,2.65,1.81
03.07.2018 00:00:12.190,1.49938,1.49738,2.48,1.9
03.07.2018 00:00:13.511,1.49937,1.49737,1.32,1.35
03.07.2018 00:00:14.748,1.49935,1.49735,2.62,1.74
03.07.2018 00:00:16.220,1.49936,1.49736,1.18,2.25
03.07.2018 00:00:17.674,1.49935,1.49735,2.67,1.62
03.07.2018 00:00:19.045,1.49936,1.49736,2.12,2.26
03.07.2018 00:00:20.501,1.49936,1.49736,1.17,2.25
03.07.2018 00:00:21.958,1.49934,1.49734,2.63,1.64
03.07.2018 00:00:23.419,1.49933,1.49733,2.55,1.82
03.07.2018 00:00:24.774,1.49934,1.49734,1.85,1.09
03.07.2018 00:00:26.289,1.49933,1.49733,1.89,1.79
03.07.2018 00:00:27.514,1.49933,1.49733,2.52,1.58
03.07.2018 00:00:28.766,1.49934,1.49734,1.14,1.14
03.07.2018 00:00:30.074,1.49934,1.49734,1.22,2.03
03.07.2018 00:00:31.501,1.49934,1.49734,1.59,1.2
03.07.2018 00:00:32.909,1.49933,1.49733,2.38,1.33
03.07.2018 00:00:34.322,1.49932,1.49732,2.27,1.02
03.07.2018 00:00:35.712,1.49931,1.49731,2.88,2.46
03.07.2018 00:00:37.017,1.4993,1.4973,2.63,1.61
03.07.2018 00:00:38.194,1.4993,1.4973,2.29,2.28
03.07.2018 00:00:39.586,1.4993,1.4973,2.08,1.61
03.07.2018 00:00:41.119,1.49933,1.49733,1.74,1.24
03.07.2018 00:00:42.621,1.4993,1.4973,1.82,2.44
03.07.2018 00:00:44.240,1.49929,1.49729,1.86,1.71
03.07.2018 00:00:45.729,1.49927,1.49727,1.85,2.98
03.07.2018 00:00:47.061,1.49924,1.49724,2.14,1.6
03.07.2018 00:00:48.637,1.49923,1.49723,1.48,2.82
03.07.2018 00:00:49.925,1.49922,1.49722,1.59,1.37
03.07.2018 00:00:51.299,1.49925,1.49725,1.52,2.26
03.07.2018 00:00:52.536,1.49926,1.49726,2.04,2.45
03.07.2018 00:00:53.923,1.49926,1.49726,2.58,1.3
03.07.2018 00:00:55.327,1.49927,1.49727,2.57,2.92
03.07.2018 00:00:56.791,1.49929,1.49729,2.12,1.14
03.07.2018 00:00:58.181,1.49929,1.49729,1.65,2.46
03.07.2018 00:00:59.515,1.49931,1.49731,1.09,1.3
03.07.2018 00:01:01.083,1.49929,1.49729,1.06,2.73
03.07.2018 00:01:02.415,1.49927,1.49727,2.51,2.25
03.07.2018 00:01:03.636,1.49926,1.49726,2.83,1.95
03.07.2018 00:01:05.023,1.49928,1.49728,1.97,2.15
03.07.2018 00:01:06.306,1.49929,1.49729,1.34,2.58
03.07.2018 00:01:07.595,1.49929,1.49729,1.67,2.04
03.07.2018 00:01:09.074,1.49927,1.49727,2.57,2.05
03.07.2018 00:01:10.562,1.49929,1.49729,1.61,1.83
03.07.2018 00:01:11.897,1.49929,1.49729,2.35,2.48
03.07.2018 00:01:13.382,1.49929,1.49729,2.15,1.09
03.07.2018 00:01:14.806,1.49929,1.49729,1.05,1.5
03.07.2018 00:01:16.230,1.4993,1.4973,1.14,1.61
03.07.2018 00:01:17.706,1.49931,1.49731,1.44,2.22
03.07.2018 00:01:19.176,1.49932,1.49732,2.97,1.14
03.07.2018 00:01:20.532,1.49936,1.49736,2.15,2.71
03.07.2018 00:01:21.901,1.49935,1.49735,1.99,2.51
03.07.2018 00:01:23.249,1.49935,1.49735,1.71,2.15
03.07.2018 00:01:24.562,1.49934,1.49734,2.61,2.69
03.07.2018 00:01:26.120,1.49934,1.49734,1.23,1.12
03.07.2018 00:01:27.314,1.49934,1.49734,1.4,1.96
03.07.2018 00:01:28.775,1.49933,1.49733,1.74,2.25
03.07.2018 00:01:30.395,1.49928,1.49728,1.44,1.22
03.07.2018 00:01:31.971,1.4993,1.4973,1.18,2.35
03.07.2018 00:01:33.358,1.49929,1.49729,1.6,1.57
03.07.2018 00:01:34.864,1.49927,1.49727,2.71,1.87
03.07.2018 00:01:36.303,1.49929,1.49729,2.12,2.29
03.07.2018 00:01:37.718,1.49927,1.49727,1.24,2.3
03.07.2018 00:01:39.057,1.49926,1.49726,1.18,2.13
03.07.2018 00:01:40.600,1.49927,1.49727,2.24,1.69
03.07.2018 00:01:41.988,1.49927,1.49727,2.19,2.65
03.07.2018 00:01:43.342,1.49928,1.49728,1.43,1.95
03.07.2018 00:01:44.589,1.49929,1.49729,1.8,2.47
03.07.2018 00:01:45.900,1.4993,1.4973,1.88,1.1
03.07.2018 00:01:47.313,1.49932,1.49732,2.27,1.39
03.07.2018 00:01:48.810,1.49932,1.49732,2.92,2.6
03.07.2018 00:01:50.182,1.49932,1.49732,2.03,1.82
03.07.2018 00:01:51.545,1.49931,1.49731,1.31,2.74
03.07.2018 00:01:52.866,1.49934,1.49734,1.09,1.7
03.07.2018 00:01:54.211,1.49933,1.49733,2.97,2.09
03.07.2018 00:01:55.622,1.49932,1.49732,2,2.59
03.07.2018 00:01:57.053,1.49936,1.49736,1.91,2.81
03.07.2018 00:01:58.574,1.49935,1.49735,2.05,1.23
03.07.2018 00:01:59.922,1.49935,1.49735,2.15,1.16
03.07.2018 00:02:01.151,1.49937,1.49737,1.06,1.76
03.07.2018 00:02:02.541,1.49937,1.49737,2.39,1.06
03.07.2018 00:02:03.899,1.49937,1.49737,2.86,1.68
03.07.2018 00:02:05.433,1.49936,1.49736,1.61,1.31
03.07.2018 00:02:06.845,1.49936,1.49736,2.9,2.94
03.07.2018 00:02:08.375,1.49938,1.49738,1.82,2.79
03.07.2018 00:02:09.727,1.49935,1.49735,2.14,2.45
03.07.2018 00:02:11.190,1.49933,1.49733,2.9,2.36
03.07.2018 00:02:12.567,1.49936,1.49736,2.86,1.36
03.07.2018 00:02:13.783,1.49936,1.49736,1.3,2.48
03.07.2018 00:02:15.384,1.49937,1.49737,2.85,2.08
03.07.2018 00:02:16.854,1.49939,1.49739,1.1,2.11
03.07.2018 00:02:18.252,1.49939,1.49739,2.8,1.26
03.07.2018 00:02:19.588,1.49937,1.49737,1.25,1.87
03.07.2018 00:02:20.991,1.49939,1.49739,1.11,2.05
03.07.2018 00:02:22.223,1.4994,1.4974,2.15,1.1
03.07.2018 00:02:23.689,1.49939,1.49739,1.13,1.47
03.07.2018 00:02:25.128,1.49938,1.49738,1.81,1.06
03.07.2018 00:02:26.515,1.49938,1.49738,1.02,1.47
03.07.2018 00:02:27.851,1.49939,1.49739,1.61,1.33
03.07.2018 00:02:29.353,1.4994,1.4974,2.84,1.41
03.07.2018 00:02:30.843,1.49935,1.49735,1.32,1.12
03.07.2018 00:02:32.255,1.49934,1.49734,2.65,2.22
03.07.2018 00:02:33.590,1.49932,1.49732,2.57,2.77
03.07.2018 00:02:34.944,1.49933,1.49733,2.28,1.89
03.07.2018 00:02:36.414,1.49934,1.49734,1.64,2.46
03.07.2018 00:02:38.009,1.49934,1.49734,1.86,1.9
03.07.2018 00:02:39.270,1.49933,1.49733,1.05,2.9
03.07.2018 00:02:40.962,1.49934,1.49734,2.14,2.16
03.07.2018 00:02:42.390,1.49932,1.49732,2.71,2.61
03.07.2018 00:02:43.809,1.49934,1.49734,2.65,1.81
03.07.2018 00:02:45.125,1.49936,1.49736,1.94,2.78
03.07.2018 00:02:46.573,1.49937,1.49737,2.25,2.48
03.07.2018 00:02:48.137,1.49939,1.49739,2.92,1.99
03.07.2018 00:02:49.523,1.49936,1.49736,1.24,2.36
03.07.2018 00:02:50.993,1.49937,1.49737,2.18,2.69
03.07.2018 00:02:52.318,1.49939,1.49739,2.4,2.2
03.07.2018 00:02:53.724,1.49939,1.49739,2.33,2.05
03.07.2018 00:02:55.083,1.49937,1.49737,2.62,1.02
03.07.2018 00:02:56.611,1.49935,1.49735,2.02,2.07
03.07.2018 00:02:57.982,1.49938,1.49738,2.01,2.86
03.07.2018 00:02:59.303,1.49943,1.49743,2.21,2.98
03.07.2018 00:03:00.641,1.49942,1.49742,1.43,2.19
03.07.2018 00:03:02.018,1.49942,1.49742,1.47,2.55
03.07.2018 00:03:03.292,1.49941,1.49741,2.88,2.79
03.07.2018 00:03:04.624,1.49943,1.49743,2.6,2.95
03.07.2018 00:03:06.006,1.49945,1.49745,2.14,1.86
03.07.2018 00:03:07.240,1.49945,1.49745,1.84,2.46
03.07.2018 00:03:08.545,1.49943,1.49743,2.04,1.19
03.07.2018 00:03:10.097,1.49943,1.49743,2.6,2.12
03.07.2018 00:03:11.651,1.49943,1.49743,1.39,1.75
03.07.2018 00:03:13.031,1.49944,1.49744,2.71,1.88
03.07.2018 00:03:14.485,1.49945,1.49745,2.25,2.78
03.07.2018 00:03:15.882,1.49946,1.49746,1.51,2.06
03.07.2018 00:03:17.205,1.49947,1.49747,2.62,2.1
03.07.2018 00:03:18.491,1.49943,1.49743,2.8,1.2
03.07.2018 00:03:20.054,1.49943,1.49743,2.32,1.94
03.07.2018 00:03:21.509,1.49946,1.49746,1,2.02
03.07.2018 00:03:23.066,1.49946,1.49746,1.77,2.19
03.07.2018 00:03:24.442,1.49944,1.49744,2.55,1.97
03.07.2018 00:03:25.815,1.49944,1.49744,2.02,1.56
03.07.2018 00:03:27.270,1.49943,1.49743,1.99,2.39
03.07.2018 00:03:28.659,1.49944,1.49744,2.59,2.07
03.07.2018 00:03:29.975,1.49945,1.49745,1.85,1.6
03.07.2018 00:03:31.224,1.49944,1.49744,1.59,1.73
03.07.2018 00:03:32.587,1.49944,1.49744,1.72,2.56
03.07.2018 00:03:34.018,1.49945,1.49745,1.66,2.25
03.07.2018 00:03:35.193,1.49944,1.49744,1.01,1.5
03.07.2018 00:03:36.557,1.49944,1.49744,1.87,1.43
03.07.2018 00:03:37.982,1.49947,1.49747,1.87,1.93
03.07.2018 00:03:39.427,1.49948,1.49748,1.34,2.73
03.07.2018 00:03:40.740,1.49949,1.49749,1.74,2.09
03.07.2018 00:03:42.210,1.4995,1.4975,2.71,1.73
03.07.2018 00:03:43.632,1.49948,1.49748,2.99,1.96
03.07.2018 00:03:45.131,1.49947,1.49747,1.84,2.43
03.07.2018 00:03:46.616,1.49947,1.49747,1.35,1.1
03.07.2018 00:03:48.066,1.49944,1.49744,2.78,2.75
03.07.2018 00:03:49.517,1.49949,1.49749,1.47,1.66
03.07.2018 00:03:50.942,1.49949,1.49749,2.85,1.47
03.07.2018 00:03:52.242,1.49948,1.49748,1.51,1.3
03.07.2018 00:03:53.573,1.49947,1.49747,2.67,2.81
03.07.2018 00:03:54.860,1.49946,1.49746,1.44,1.94
03.07.2018 00:03:56.215,1.49946,1.49746,2.57,1.1
03.07.2018 00:03:57.768,1.49948,1.49748,2.5,1.32
03.07.2018 00:03:59.101,1.4995,1.4975,1.35,2.14
03.07.2018 00:04:00.681,1.49953,1.49753,2.68,2.58
03.07.2018 00:04:01.950,1.49952,1.49752,1.16,1.94
03.07.2018 00:04:03.337,1.49951,1.49751,2.45,1.03
03.07.2018 00:04:05.038,1.49953,1.49753,2.4,1.96
03.07.2018 00:04:06.518,1.49951,1.49751,1.9,1.13
03.07.2018 00:04:07.789,1.4995,1.4975,1.7,1.33
03.07.2018 00:04:09.117,1.4995,1.4975,3,1.41
03.07.2018 00:04:10.632,1.49949,1.49749,1.75,1.15
03.07.2018 00:04:12.181,1.4995,1.4975,2.97,2.17
03.07.2018 00:04:13.685,1.49951,1.49751,1.2,1.63
03.07.2018 00:04:15.127,1.49952,1.49752,1.37,1.01
03.07.2018 00:04:16.638,1.49952,1.49752,2.82,1.53
03.07.2018 00:04:18.115,1.49953,1.49753,2.74,1.59
03.07.2018 00:04:19.547,1.49953,1.49753,1.26,2.96
03.07.2018 00:04:21.091,1.49954,1.49754,2.61,2.51
03.07.2018 00:04:22.536,1.49957,1.49757,1.92,2.14
03.07.2018 00:04:24.058,1.49952,1.49752,1.49,2.36
03.07.2018 00:04:25.602,1.49953,1.49753,2.88,1.77
03.07.2018 00:04:27.053,1.49952,1.49752,2.78,2.33
03.07.2018 00:04:28.450,1.49953,1.49753,2.64,1.12
03.07.2018 00:04:29.884,1.49952,1.49752,2.16,1.48
03.07.2018 00:04:31.242,1.49953,1.49753,1.98,2.86
03.07.2018 00:04:32.556,1.49953,1.49753,1.69,2.07
03.07.2018 00:04:33.918,1.49956,1.49756,1.51,2.53
03.07.2018 00:04:35.363,1.49955,1.49755,2.03,1.46
03.07.2018 00:04:36.817,1.49954,1.49754,2.45,1.22
03.07.2018 00:04:38.180,1.49955,1.49755,1.79,1.55
03.07.2018 00:04:39.696,1.49955,1.49755,2.7,1.35
03.07.2018 00:04:41.236,1.49954,1.49754,2.1,2.4
03.07.2018 00:04:42.587,1.49952,1.49752,1.29,2.08
03.07.2018 00:04:43.940,1.49952,1.49752,2.29,1.49
03.07.2018 00:04:45.359,1.49953,1.49753,1.69,2.27
03.07.2018 00:04:46.698,1.4995,1.4975,1.49,1
03.07.2018 00:04:48.197,1.49954,1.49754,1.95,1.96
03.07.2018 00:04:49.552,1.49956,1.49756,1.97,2.19
03.07.2018 00:04:51.035,1.49959,1.49759,1.1,1.41
03.07.2018 00:04:52.506,1.4996,1.4976,1.39,1.72
03.07.2018 00:04:53.994,1.49957,1.49757,1.06,1.29
03.07.2018 00:04:55.398,1.49956,1.49756,1.24,2.39
03.07.2018 00:04:56.917,1.49957,1.49757,2.37,1.4
03.07.2018 00:04:58.287,1.49958,1.49758,2.13,2.77
03.07.2018 00:04:59.725,1.49956,1.49756,1.77,2.3
03.07.2018 00:05:00.933,1.49956,1.49756,1.79,1.04
03.07.2018 00:05:02.312,1.49954,1.49754,1.37,1.28
03.07.2018 00:05:03.616,1.49953,1.49753,2.9,2.05
03.07.2018 00:05:04.977,1.49954,1.49754,2.37,2.45
03.07.2018 00:05:06.446,1.49956,1.49756,2.38,2.54
03.07.2018 00:05:07.856,1.49958,1.49758,2.35,1.07
03.07.2018 00:05:09.284,1.49958,1.49758,2.16,1.23
03.07.2018 00:05:10.571,1.49957,1.49757,2.51,1.23
03.07.2018 00:05:11.977,1.49956,1.49756,1.37,2.74
03.07.2018 00:05:13.401,1.49957,1.49757,1.68,1.08
03.07.2018 00:05:14.761,1.49957,1.49757,2.67,2.41
03.07.2018 00:05:16.065,1.49955,1.49755,1.59,1.4
03.07.2018 00:05:17.594,1.49951,1.49751,2.1,2.34
03.07.2018 00:05:18.971,1.49947,1.49747,1.82,2.58
03.07.2018 00:05:20.438,1.4995,1.4975,2.12,1.59
03.07.2018 00:05:21.777,1.4995,1.4975,1.72,1.45
03.07.2018 00:05:23.058,1.49952,1.49752,2.05,2.05
03.07.2018 00:05:24.611,1.49954,1.49754,2.3,1.63
03.07.2018 00:05:25.994,1.49955,1.49755,2.49,2.97
03.07.2018 00:05:27.244,1.49955,1.49755,1.85,2.2
03.07.2018 00:05:28.487,1.49956,1.49756,2.88,2.76
03.07.2018 00:05:30.000,1.49953,1.49753,1.26,1.82
03.07.2018 00:05:31.534,1.49951,1.49751,1.18,1.34
03.07.2018 00:05:33.027,1.49952,1.49752,1.3,1.89
03.07.2018 00:05:34.422,1.49952,1.49752,2.25,2.07
03.07.2018 00:05:35.642,1.49953,1.49753,1.63,1.84
03.07.2018 00:05:37.163,1.49954,1.49754,2.73,1.12
03.07.2018 00:05:38.522,1.49953,1.49753,2.7,2.8
03.07.2018 00:05:40.084,1.49954,1.49754,1.45,1.88
03.07.2018 00:05:41.625,1.49954,1.49754,2.01,1.46
03.07.2018 00:05:43.134,1.49954,1.49754,1.48,1.03
03.07.2018 00:05:44.546,1.49952,1.49752,2.23,1.07
03.07.2018 00:05:45.929,1.49952,1.49752,2.42,2.72
03.07.2018 00:05:47.211,1.49951,1.49751,2.05,2.56
03.07.2018 00:05:48.678,1.49951,1.49751,2.05,1.87
03.07.2018 00:05:49.996,1.49951,1.49751,2.93,2.61
03.07.2018 00:05:51.318,1.49952,1.49752,1.27,2.36
03.07.2018 00:05:52.776,1.49949,1.49749,2.99,2.3
03.07.2018 00:05:54.240,1.49947,1.49747,1.45,2.16
03.07.2018 00:05:55.548,1.49945,1.49745,2.4,2.48
03.07.2018 00:05:56.973,1.49944,1.49744,1.59,2.05
03.07.2018 00:05:58.341,1.49942,1.49742,1.29,1.88
03.07.2018 00:05:59.823,1.49942,1.49742,1.7,2.47
03.07.2018 00:06:01.190,1.49942,1.49742,1.42,2.44
03.07.2018 00:06:02.571,1.49941,1.49741,2.31,2.26
03.07.2018 00:06:03.832,1.49942,1.49742,1.54,1.53
03.07.2018 00:06:05.363,1.49939,1.49739,1.37,2.37
03.07.2018 00:06:06.778,1.49939,1.49739,2.77,1.5
03.07.2018 00:06:08.219,1.49939,1.49739,1.61,1.7
03.07.2018 00:06:09.824,1.49942,1.49742,2.91,1.94
03.07.2018 00:06:11.064,1.49939,1.49739,1.72,2.21
03.07.2018 00:06:12.663,1.4994,1.4974,1.18,1.18
03.07.2018 00:06:14.211,1.49942,1.49742,1.74,1.95
03.07.2018 00:06:15.645,1.49942,1.49742,1.51,1.43
03.07.2018 00:06:17.054,1.49942,1.49742,2.34,1.95
03.07.2018 00:06:18.479,1.49942,1.49742,1.85,1.99
03.07.2018 00:06:19.859,1.49943,1.49743,1.01,1.35
03.07.2018 00:06:21.246,1.49942,1.49742,1.62,2.82
03.07.2018 00:06:22.570,1.49941,1.49741,2.13,1.77
03.07.2018 00:06:24.053,1.49942,1.49742,2.25,1.71
03.07.2018 00:06:25.483,1.49944,1.49744,1.29,2.79
03.07.2018 00:06:26.903,1.49944,1.49744,2.59,1.52
03.07.2018 00:06:28.267,1.49946,1.49746,2.38,2.78
03.07.2018 00:06:29.649,1.49946,1.49746,2.88,2.22
03.07.2018 00:06:30.800,1.49946,1.49746,2.54,2.79
03.07.2018 00:06:32.258,1.49945,1.49745,2.79,1.01
03.07.2018 00:06:33.672,1.49945,1.49745,1.36,1.41
03.07.2018 00:06:34.888,1.49946,1.49746,2.94,2.39
03.07.2018 00:06:36.258,1.49946,1.49746,1.9,1.5
03.07.2018 00:06:37.524,1.49944,1.49744,2.54,1.97
03.07.2018 00:06:38.897,1.49942,1.49742,2.87,1.23
03.07.2018 00:06:40.212,1.49942,1.49742,2.94,2.97
03.07.2018 00:06:41.464,1.4994,1.4974,1.01,1.53
03.07.2018 00:06:42.997,1.49942,1.49742,1.06,2.54
03.07.2018 00:06:44.399,1.49942,1.49742,1.55,2.62
03.07.2018 00:06:45.779,1.49943,1.49743,1.44,1.21
03.07.2018 00:06:47.204,1.49943,1.49743,1.53,1.1
03.07.2018 00:06:48.548,1.49941,1.49741,2.73,2.62
03.07.2018 00:06:50.002,1.49941,1.49741,1.42,1.58
03.07.2018 00:06:51.190,1.49939,1.49739,1.83,2.16
03.07.2018 00:06:52.587,1.49941,1.49741,2.29,2.35
03.07.2018 00:06:53.923,1.4994,1.4974,1.24,2.3
03.07.2018 00:06:55.304,1.49941,1.49741,1.63,2.73
03.07.2018 00:06:56.822,1.49939,1.49739,1.26,2.28
03.07.2018 00:06:58.249,1.49937,1.49737,1.37,2.56
03.07.2018 00:06:59.677,1.49937,1.49737,2.95,1.44
03.07.2018 00:07:00.953,1.49939,1.49739,2.25,2.59
03.07.2018 00:07:02.468,1.49942,1.49742,2.06,2.29
03.07.2018 00:07:03.908,1.49941,1.49741,2.07,2.2
03.07.2018 00:07:05.236,1.49942,1.49742,2.69,1.47
03.07.2018 00:07:06.663,1.49944,1.49744,1.26,2.61
03.07.2018 00:07:08.111,1.49945,1.49745,2.49,2
03.07.2018 00:07:09.555,1.49946,1.49746,2.53,2.29
03.07.2018 00:07:10.824,1.49946,1.49746,1.59,1.18
03.07.2018 00:07:12.214,1.49945,1.49745,1.36,1.37
03.07.2018 00:07:13.691,1.49942,1.49742,2.53,1.05
03.07.2018 00:07:14.909,1.49942,1.49742,2.67,2.33
03.07.2018 00:07:16.363,1.49941,1.49741,1.19,1.82
03.07.2018 00:07:17.858,1.49942,1.49742,1.19,2.79
03.07.2018 00:07:19.158,1.49941,1.49741,1.15,1.71
03.07.2018 00:07:20.579,1.49942,1.49742,1.9,1.83
03.07.2018 00:07:22.019,1.49942,1.49742,2.96,2.58
03.07.2018 00:07:23.500,1.49943,1.49743,1.76,2.54
03.07.2018 00:07:24.971,1.49941,1.49741,2.8,2.95
03.07.2018 00:07:26.294,1.49941,1.49741,2.28,1.24
03.07.2018 00:07:27.700,1.49941,1.49741,2.6,2.53
03.07.2018 00:07:29.128,1.49941,1.49741,2.06,2.24
03.07.2018 00:07:30.332,1.49941,1.49741,1.06,1.4
03.07.2018 00:07:31.698,1.49938,1.49738,1.41,2.68
03.07.2018 00:07:32.976,1.49938,1.49738,1.32,2.52
03.07.2018 00:07:34.242,1.49937,1.49737,1.5,1.78
03.07.2018 00:07:35.798,1.49935,1.49735,2.76,2.76
03.07.2018 00:07:37.242,1.49935,1.49735,1.08,2.35
03.07.2018 00:07:38.646,1.49933,1.49733,2.65,2.87
03.07.2018 00:07:40.144,1.49933,1.49733,2.07,2.44
03.07.2018 00:07:41.423,1.49933,1.49733,2.6,1.32
03.07.2018 00:07:42.747,1.49932,1.49732,1.11,2.26
03.07.2018 00:07:44.198,1.49935,1.49735,2.67,2.64
03.07.2018 00:07:45.471,1.49936,1.49736,1.9,2.81
03.07.2018 00:07:46.914,1.49934,1.49734,2.66,2.54
03.07.2018 00:07:48.199,1.49937,1.49737,2.41,1.26
03.07.2018 00:07:49.545,1.49934,1.49734,2.13,1.37
03.07.2018 00:07:50.892,1.49933,1.49733,1.87,1.09
03.07.2018 00:07:52.235,1.49933,1.49733,1.32,1.6
03.07.2018 00:07:53.761,1.49933,1.49733,2.4,2.06
03.07.2018 00:07:55.057,1.49931,1.49731,2.45,2.63
03.07.2018 00:07:56.557,1.49931,1.49731,2.7,2.56
03.07.2018 00:07:58.028,1.49933,1.49733,2.05,2.22
03.07.2018 00:07:59.390,1.49933,1.49733,2.51,2.39
03.07.2018 00:08:00.693,1.49931,1.49731,1.34,2.85
03.07.2018 00:08:02.172,1.49932,1.49732,1.8,2.66
03.07.2018 00:08:03.499,1.49929,1.49729,1.03,2.08
03.07.2018 00:08:04.942,1.49929,1.49729,1.06,1.27
03.07.2018 00:08:06.425,1.49929,1.49729,2.54,2.26
03.07.2018 00:08:07.644,1.49927,1.49727,1.57,2.65
03.07.2018 00:08:09.056,1.4993,1.4973,1.28,1.31
03.07.2018 00:08:10.227,1.49929,1.49729,2.92,1.81
03.07.2018 00:08:11.408,1.49929,1.49729,1.39,1.89
03.07.2018 00:08:12.820,1.49929,1.49729,2.85,2.72
03.07.2018 00:08:14.274,1.49933,1.49733,1.9,1.97
03.07.2018 00:08:15.645,1.49932,1.49732,2.71,1.67
03.07.2018 00:08:17.286,1.49931,1.49731,2.63,2.86
03.07.2018 00:08:18.546,1.49929,1.49729,1.47,2.37
03.07.2018 00:08:20.019,1.4993,1.4973,2.96,1.71
03.07.2018 00:08:21.156,1.4993,1.4973,1.51,2.97
03.07.2018 00:08:22.617,1.49927,1.49727,1.39,1.9
03.07.2018 00:08:24.122,1.49925,1.49725,2.06,2.4
03.07.2018 00:08:25.473,1.49924,1.49724,2.31,2.72
03.07.2018 00:08:26.925,1.49922,1.49722,2.06,1.77
03.07.2018 00:08:28.223,1.49922,1.49722,1.48,2.65
03.07.2018 00:08:29.524,1.49919,1.49719,1.67,1.45
03.07.2018 00:08:30.971,1.49918,1.49718,1.84,1.69
03.07.2018 00:08:32.357,1.49917,1.49717,1.21,1.75
03.07.2018 00:08:33.766,1.49921,1.49721,2.22,1.76
03.07.2018 00:08:35.190,1.49924,1.49724,2.94,2.15
03.07.2018 00:08:36.692,1.49923,1.49723,2.97,2.83
03.07.2018 00:08:38.084,1.49923,1.49723,1.59,1.95
03.07.2018 00:08:39.542,1.49923,1.49723,1.36,2.12
03.07.2018 00:08:40.816,1.49925,1.49725,2.78,1.72
03.07.2018 00:08:42.345,1.49929,1.49729,1.16,1.63
03.07.2018 00:08:43.826,1.4993,1.4973,1.1,2.93
03.07.2018 00:08:45.264,1.4993,1.4973,1.31,2.71
03.07.2018 00:08:46.540,1.4993,1.4973,2.13,2.34
03.07.2018 00:08:47.930,1.4993,1.4973,2,2.05
03.07.2018 00:08:49.261,1.49929,1.49729,1.7,1.55
03.07.2018 00:08:50.512,1.49928,1.49728,2.28,2.63
03.07.2018 00:08:51.881,1.49929,1.49729,2.8,1.98
03.07.2018 00:08:53.242,1.49931,1.49731,1.85,2.25
03.07.2018 00:08:54.615,1.49933,1.49733,1.33,1.1
03.07.2018 00:08:55.966,1.49932,1.49732,1.44,2.92
03.07.2018 00:08:57.267,1.49931,1.49731,2.27,2.55
03.07.2018 00:08:58.764,1.4993,1.4973,2.2,1.96
03.07.2018 00:09:00.120,1.49931,1.49731,1.17,2.47
03.07.2018 00:09:01.555,1.4993,1.4973,2.05,2.75
03.07.2018 00:09:03.004,1.49928,1.49728,2.98,1.08
03.07.2018 00:09:04.258,1.49929,1.49729,1.77,1.41
03.07.2018 00:09:05.690,1.49929,1.49729,2.18,2.31
03.07.2018 00:09:07.104,1.49927,1.49727,1.78,1.74
03.07.2018 00:09:08.634,1.49925,1.49725,2.4,2.77
03.07.2018 00:09:09.930,1.49925,1.49725,2.11,1.84
03.07.2018 00:09:11.526,1.49929,1.49729,2.69,1.22
03.07.2018 00:09:12.928,1.49929,1.49729,2.95,1.02
03.07.2018 00:09:14.194,1.49928,1.49728,1.18,2.91
03.07.2018 00:09:15.681,1.49928,1.49728,1.59,2.51
03.07.2018 00:09:17.062,1.49927,1.49727,1.08,1.03
03.07.2018 00:09:18.388,1.49927,1.49727,1.96,2.54
03.07.2018 00:09:19.731,1.49926,1.49726,2.07,1.99
03.07.2018 00:09:21.089,1.49925,1.49725,1.45,1.82
03.07.2018 00:09:22.603,1.49925,1.49725,2.63,2.16
03.07.2018 00:09:23.991,1.49924,1.49724,2.82,1.46
03.07.2018 00:09:25.278,1.49924,1.49724,2.56,2.08
03.07.2018 00:09:26.732,1.49922,1.49722,1.06,2.73
03.07.2018 00:09:28.140,1.4992,1.4972,2.62,1.09
03.07.2018 00:09:29.714,1.49916,1.49716,1.82,1.43
03.07.2018 00:09:31.068,1.49915,1.49715,1,2.54
03.07.2018 00:09:32.386,1.49917,1.49717,2.62,2.39
03.07.2018 00:09:33.842,1.49917,1.49717,2.73,1.53
03.07.2018 00:09:35.245,1.49914,1.49714,1.04,2.43
03.07.2018 00:09:36.478,1.49916,1.49716,1.9,1.38
03.07.2018 00:09:38.003,1.49915,1.49715,2.92,2.11
03.07.2018 00:09:39.254,1.49916,1.49716,2.72,1.27
03.07.2018 00:09:40.620,1.49917,1.49717,1.03,1.79
03.07.2018 00:09:42.117,1.49915,1.49715,2.4,2.95
03.07.2018 00:09:43.517,1.49914,1.49714,1.23,1.34
03.07.2018 00:09:44.960,1.49913,1.49713,2.62,1.8
03.07.2018 00:09:46.516,1.49913,1.49713,1.27,1.74
03.07.2018 00:09:47.825,1.49912,1.49712,1.71,2.08
03.07.2018 00:09:48.915,1.49912,1.49712,1.14,1.6
03.07.2018 00:09:50.313,1.4991,1.4971,1.05,1.87
03.07.2018 00:09:51.548,1.49912,1.49712,2.99,1.62
03.07.2018 00:09:53.000,1.49914,1.49714,2.68,2.98
03.07.2018 00:09:54.511,1.49915,1.49715,1.32,2.22
03.07.2018 00:09:55.973,1.49912,1.49712,2.65,2.69
03.07.2018 00:09:57.346,1.49911,1.49711,2.78,1.85
03.07.2018 00:09:58.771,1.49911,1.49711,2.81,1.11
03.07.2018 00:10:00.374,1.49912,1.49712,1.72,2.69
03.07.2018 00:10:01.830,1.49914,1.49714,2.53,1.91
03.07.2018 00:10:03.287,1.49916,1.49716,2.56,2.63
03.07.2018 00:10:04.809,1.49918,1.49718,2.35,2.46
03.07.2018 00:10:06.288,1.49922,1.49722,1.79,2.52
03.07.2018 00:10:07.741,1.49924,1.49724,2.76,2.2
03.07.2018 00:10:09.077,1.49925,1.49725,1.49,2.32
03.07.2018 00:10:10.288,1.49926,1.49726,1.55,1.14
03.07.2018 00:10:11.490,1.49927,1.49727,2.45,1.68
03.07.2018 00:10:12.904,1.49928,1.49728,1.54,3
03.07.2018 00:10:14.372,1.49927,1.49727,2.52,2.26
03.07.2018 00:10:15.777,1.49929,1.49729,1.34,2.82
03.07.2018 00:10:17.225,1.49927,1.49727,1.62,1.1
03.07.2018 00:10:18.783,1.49929,1.49729,1.98,1.78
03.07.2018 00:10:20.243,1.49928,1.49728,2.85,1.76
03.07.2018 00:10:21.589,1.4993,1.4973,2.05,1.49
03.07.2018 00:10:23.007,1.49928,1.49728,2.2,2.55
03.07.2018 00:10:24.405,1.49927,1.49727,2.81,2.67
03.07.2018 00:10:25.700,1.49928,1.49728,2.21,1.51
03.07.2018 00:10:27.246,1.49932,1.49732,1.99,1.16
03.07.2018 00:10:28.602,1.49932,1.49732,2.89,1.29
03.07.2018 00:10:30.128,1.49931,1.49731,2.7,2.02
03.07.2018 00:10:31.547,1.49932,1.49732,2.48,2.73
03.07.2018 00:10:32.908,1.49931,1.49731,2.18,1.5
03.07.2018 00:10:34.176,1.49932,1.49732,1.48,2.35
03.07.2018 00:10:35.486,1.49935,1.49735,1.24,1.31
03.07.2018 00:10:36.897,1.49936,1.49736,2.25,2.27
03.07.2018 00:10:38.165,1.49934,1.49734,1.51,1.43
03.07.2018 00:10:39.724,1.49935,1.49735,2.4,1.06
03.07.2018 00:10:41.027,1.49938,1.49738,1.46,2.13
03.07.2018 00:10:42.622,1.49939,1.49739,1.67,1.64
03.07.2018 00:10:44.041,1.49935,1.49735,1.18,1.86
03.07.2018 00:10:45.439,1.49932,1.49732,1.66,2.98
03.07.2018 00:10:46.963,1.49933,1.49733,1.7,1.89
03.07.2018 00:10:48.436,1.49933,1.49733,1.39,2.23
03.07.2018 00:10:49.893,1.49935,1.49735,2.34,1.76
03.07.2018 00:10:51.348,1.49935,1.49735,1.61,1.09
03.07.2018 00:10:52.870,1.49936,1.49736,1.41,1.21
03.07.2018 00:10:54.221,1.49937,1.49737,1.39,2.22
03.07.2018 00:10:55.678,1.49938,1.49738,1.05,1.35
03.07.2018 00:10:57.050,1.49939,1.49739,2.92,1.75
03.07.2018 00:10:58.335,1.49939,1.49739,1.7,2.08
03.07.2018 00:10:59.892,1.49939,1.49739,1.37,2.43
03.07.2018 00:11:01.332,1.49939,1.49739,1.71,1.57
03.07.2018 00:11:02.680,1.49938,1.49738,2.3,2.61
03.07.2018 00:11:04.328,1.49938,1.49738,1.4,1.36
03.07.2018 00:11:05.767,1.4994,1.4974,2.05,1.76
03.07.2018 00:11:07.191,1.49942,1.49742,1.68,2.26
03.07.2018 00:11:08.773,1.4994,1.4974,1.36,1.93
03.07.2018 00:11:10.227,1.49939,1.49739,2.85,1.18
03.07.2018 00:11:11.548,1.49942,1.49742,2.13,2.25
03.07.2018 00:11:13.004,1.49941,1.49741,1.91,2.82
03.07.2018 00:11:14.518,1.49942,1.49742,1.74,1.64
03.07.2018 00:11:16.010,1.4994,1.4974,2.19,2.69
03.07.2018 00:11:17.406,1.4994,1.4974,2.23,1.57
03.07.2018 00:11:18.954,1.49939,1.49739,2.55,1.94
03.07.2018 00:11:20.413,1.49942,1.49742,2.58,1.84
03.07.2018 00:11:21.823,1.49942,1.49742,2.71,1.29
03.07.2018 00:11:23.317,1.49941,1.49741,2.3,1.02
03.07.2018 00:11:24.620,1.4994,1.4974,1.79,1.69
03.07.2018 00:11:26.013,1.49941,1.49741,1.44,1.39
03.07.2018 00:11:27.311,1.49939,1.49739,2.01,1.83
03.07.2018 00:11:28.707,1.49938,1.49738,1.21,1.51
03.07.2018 00:11:30.155,1.49939,1.49739,1.57,2.36
03.07.2018 00:11:31.527,1.49941,1.49741,1.56,2.09
03.07.2018 00:11:32.913,1.4994,1.4974,1.52,2.56
03.07.2018 00:11:34.543,1.4994,1.4974,2.95,1.25
03.07.2018 00:11:35.895,1.49941,1.49741,1.95,2.71
03.07.2018 00:11:37.363,1.4994,1.4974,1.61,2.98
03.07.2018 00:11:38.577,1.49942,1.49742,1.61,1.1
03.07.2018 00:11:40.013,1.49941,1.49741,2.11,1.96
03.07.2018 00:11:41.498,1.4994,1.4974,2.73,2.88
03.07.2018 00:11:42.845,1.4994,1.4974,2.28,1.28
03.07.2018 00:11:44.342,1.49936,1.49736,2.25,1.58
03.07.2018 00:11:45.868,1.49939,1.49739,1.32,2.23
03.07.2018 00:11:47.163,1.49939,1.49739,1.28,1.04
03.07.2018 00:11:48.646,1.4994,1.4974,1.99,1.11
03.07.2018 00:11:50.081,1.4994,1.4974,2.64,1.44
03.07.2018 00:11:51.539,1.49941,1.49741,1.74,2.06
03.07.2018 00:11:53.091,1.49942,1.49742,2.44,1.92
03.07.2018 00:11:54.503,1.4994,1.4974,2.64,2.73
03.07.2018 00:11:55.840,1.4994,1.4974,2.1,2.43
03.07.2018 00:11:57.254,1.49938,1.49738,2.69,1.14
03.07.2018 00:11:58.732,1.49938,1.49738,2.09,1.07
03.07.2018 00:12:00.262,1.49938,1.49738,2.72,1.67
03.07.2018 00:12:01.670,1.49938,1.49738,1.47,2.25
03.07.2018 00:12:03.139,1.49939,1.49739,1.05,2.59
03.07.2018 00:12:04.603,1.49942,1.49742,2.13,2.84
03.07.2018 00:12:06.100,1.49939,1.49739,2.71,2.7
03.07.2018 00:12:07.533,1.49938,1.49738,1.66,1.71
03.07.2018 00:12:09.041,1.49938,1.49738,2.81,2.41
03.07.2018 00:12:10.473,1.49938,1.49738,2.77,2.29
03.07.2018 00:12:11.970,1.49941,1.49741,1.58,1.69
03.07.2018 00:12:13.473,1.49941,1.49741,1.6,2.28
03.07.2018 00:12:14.959,1.49942,1.49742,2.54,1.38
03.07.2018 00:12:16.427,1.49943,1.49743,1.03,1.38
03.07.2018 00:12:18.003,1.49944,1.49744,1.43,1.54
03.07.2018 00:12:19.534,1.49945,1.49745,1.4,1.12
03.07.2018 00:12:20.886,1.49944,1.49744,1.14,1.72
03.07.2018 00:12:22.386,1.49948,1.49748,1.33,2.4
03.07.2018 00:12:23.707,1.49948,1.49748,1.84,2.59
03.07.2018 00:12:24.996,1.4995,1.4975,2.73,2.91
03.07.2018 00:12:26.348,1.49951,1.49751,1.89,1.18
03.07.2018 00:12:27.873,1.49948,1.49748,1.9,1.32
03.07.2018 00:12:29.292,1.49949,1.49749,2.05,2.49
03.07.2018 00:12:30.770,1.49949,1.49749,1.7,2.47
03.07.2018 00:12:32.197,1.49947,1.49747,2.53,1.57
03.07.2018 00:12:33.552,1.49946,1.49746,2.84,1.62
03.07.2018 00:12:35.047,1.49948,1.49748,2.64,2.99
03.07.2018 00:12:36.359,1.49948,1.49748,2.61,2.77
03.07.2018 00:12:37.725,1.49949,1.49749,1.16,2.56
03.07.2018 00:12:39.122,1.49948,1.49748,1.76,1.23
03.07.2018 00:12:40.648,1.49947,1.49747,2.64,1.18
03.07.2018 00:12:42.123,1.49948,1.49748,2.55,1.85
03.07.2018 00:12:43.750,1.49948,1.49748,2.27,1.72
03.07.2018 00:12:45.181,1.49949,1.49749,2.77,1.45
03.07.2018 00:12:46.576,1.49949,1.49749,1.84,1.64
03.07.2018 00:12:47.988,1.49949,1.49749,2.85,1.84
03.07.2018 00:12:49.265,1.49951,1.49751,2.72,2.41
03.07.2018 00:12:50.605,1.4995,1.4975,1.5,2.68
03.07.2018 00:12:51.968,1.49947,1.49747,2.19,1.64
03.07.2018 00:12:53.535,1.49947,1.49747,2.5,2.95
03.07.2018 00:12:54.887,1.49948,1.49748,1.01,2.52
03.07.2018 00:12:56.310,1.49948,1.49748,2.09,2.3
03.07.2018 00:12:57.963,1.49953,1.49753,2.33,2.35
03.07.2018 00:12:59.539,1.49952,1.49752,1.71,1.97
03.07.2018 00:13:00.833,1.49951,1.49751,1.07,1.94
03.07.2018 00:13:02.203,1.49949,1.49749,2.63,1.05
03.07.2018 00:13:03.703,1.49949,1.49749,2.18,2.97
03.07.2018 00:13:05.244,1.49949,1.49749,2.17,1.35
03.07.2018 00:13:06.418,1.49948,1.49748,1.32,2.48
03.07.2018 00:13:07.845,1.49949,1.49749,1.68,2.54
03.07.2018 00:13:09.352,1.49951,1.49751,2.03,1.4
03.07.2018 00:13:10.644,1.49949,1.49749,2.28,1.2
03.07.2018 00:13:12.062,1.49948,1.49748,2.28,1.42
03.07.2018 00:13:13.419,1.49948,1.49748,1.06,2.94
03.07.2018 00:13:14.932,1.49949,1.49749,1.27,2.35
03.07.2018 00:13:16.366,1.49947,1.49747,1.9,2.92
03.07.2018 00:13:17.882,1.49949,1.49749,2.93,2.2
03.07.2018 00:13:19.358,1.49949,1.49749,2.93,1.18
03.07.2018 00:13:20.802,1.49947,1.49747,2.25,2.04
03.07.2018 00:13:22.355,1.49945,1.49745,1.65,1.98
03.07.2018 00:13:23.657,1.49946,1.49746,1.41,2.56
03.07.2018 00:13:25.093,1.49946,1.49746,2.29,2.42
03.07.2018 00:13:26.487,1.49947,1.49747,2.94,2.76
03.07.2018 00:13:27.889,1.49945,1.49745,2,1.31
03.07.2018 00:13:29.399,1.49942,1.49742,1.17,1.64
03.07.2018 00:13:30.808,1.49941,1.49741,1.21,1.18
03.07.2018 00:13:32.305,1.49938,1.49738,1.85,1.93
03.07.2018 00:13:33.640,1.49938,1.49738,1.41,1.81
03.07.2018 00:13:35.019,1.49938,1.49738,2.13,2.53
03.07.2018 00:13:36.492,1.49939,1.49739,1.13,1.28
03.07.2018 00:13:37.850,1.4994,1.4974,1.26,1.66
03.07.2018 00:13:39.285,1.4994,1.4974,2.9,1.55
03.07.2018 00:13:40.785,1.4994,1.4974,1.41,2.58
03.07.2018 00:13:42.232,1.4994,1.4974,1.93,1.23
03.07.2018 00:13:43.578,1.49938,1.49738,1.6,1.27
03.07.2018 00:13:45.105,1.49937,1.49737,1.03,2.34
03.07.2018 00:13:46.467,1.49935,1.49735,1.9,2.45
03.07.2018 00:13:47.813,1.49934,1.49734,1.84,1.05
03.07.2018 00:13:49.094,1.49934,1.49734,1.6,1.55
03.07.2018 00:13:50.764,1.49934,1.49734,2.68,1.07
03.07.2018 00:13:52.207,1.49933,1.49733,1.41,2.7
03.07.2018 00:13:53.434,1.49932,1.49732,2.37,2.82
03.07.2018 00:13:54.883,1.4993,1.4973,2.31,1.57
03.07.2018 00:13:56.300,1.49931,1.49731,2.53,1.02
03.07.2018 00:13:57.894,1.49932,1.49732,1.38,2.84
03.07.2018 00:13:59.189,1.49933,1.49733,2.96,1.99
03.07.2018 00:14:00.750,1.49932,1.49732,2.28,2.01
03.07.2018 00:14:02.257,1.49933,1.49733,1.38,2.59
03.07.2018 00:14:03.827,1.49932,1.49732,2.72,2.08
03.07.2018 00:14:05.224,1.49934,1.49734,2.18,2.27
03.07.2018 00:14:06.535,1.49933,1.49733,1.3,2.86
03.07.2018 00:14:08.058,1.49933,1.49733,2.97,1.2
03.07.2018 00:14:09.338,1.49934,1.49734,1.54,1.56
03.07.2018 00:14:10.582,1.49935,1.49735,2.79,1.67
03.07.2018 00:14:11.978,1.49933,1.49733,1.09,2.38
03.07.2018 00:14:13.271,1.49933,1.49733,1.69,1.86
03.07.2018 00:14:14.640,1.49932,1.49732,1.7,1.31
03.07.2018 00:14:16.033,1.49931,1.49731,1.62,1.89
03.07.2018 00:14:17.371,1.49932,1.49732,1.09,2.19
03.07.2018 00:14:18.589,1.49932,1.49732,1.54,1.13
03.07.2018 00:14:19.937,1.49932,1.49732,2.55,2.46
03.07.2018 00:14:21.320,1.49933,1.49733,2.5,2.19
03.07.2018 00:14:22.594,1.49935,1.49735,1.18,2.15
03.07.2018 00:14:23.983,1.49936,1.49736,1.94,1.2
03.07.2018 00:14:25.487,1.49935,1.49735,2.61,2.15
03.07.2018 00:14:26.742,1.49936,1.49736,1.62,2.3
03.07.2018 00:14:28.036,1.49934,1.49734,1.91,1.36
03.07.2018 00:14:29.469,1.49934,1.49734,2.71,2.96
03.07.2018 00:14:30.799,1.49937,1.49737,1.35,2.7
03.07.2018 00:14:32.301,1.49936,1.49736,2.11,1
03.07.2018 00:14:33.649,1.49937,1.49737,2.28,1.84
03.07.2018 00:14:35.004,1.49933,1.49733,1.89,1.09
03.07.2018 00:14:36.346,1.49933,1.49733,1.84,2.8
03.07.2018 00:14:37.689,1.49933,1.49733,1.16,2.21
03.07.2018 00:14:39.100,1.49932,1.49732,2.59,1.75
03.07.2018 00:14:40.507,1.49931,1.49731,2.85,2.48
03.07.2018 00:14:41.992,1.49934,1.49734,2.11,1.74
03.07.2018 00:14:43.447,1.49934,1.49734,1.81,1.57
03.07.2018 00:14:44.787,1.49934,1.49734,1.64,2.8
03.07.2018 00:14:46.223,1.49933,1.49733,1.08,1.23
03.07.2018 00:14:47.545,1.49934,1.49734,1.49,1.06
03.07.2018 00:14:48.993,1.49933,1.49733,2.45,1.3
03.07.2018 00:14:50.361,1.49933,1.49733,2.01,1.66
03.07.2018 00:14:51.729,1.49933,1.49733,2.47,2.16
03.07.2018 00:14:53.113,1.49935,1.49735,1.21,2.8
03.07.2018 00:14:54.375,1.49935,1.49735,2.62,1.36
03.07.2018 00:14:55.848,1.49933,1.49733,1.94,1.36
03.07.2018 00:14:57.191,1.49934,1.49734,1.3,2.94
03.07.2018 00:14:58.538,1.49933,1.49733,2.37,2.64
03.07.2018 00:15:00.130,1.49934,1.49734,2.04,2.3
03.07.2018 00:15:01.692,1.49936,1.49736,2.85,1.2
03.07.2018 00:15:03.274,1.49936,1.49736,1.63,1.84
03.07.2018 00:15:04.671,1.49935,1.49735,2.81,2.51
03.07.2018 00:15:06.127,1.49936,1.49736,2.55,2.47
03.07.2018 00:15:07.570,1.49934,1.49734,1.53,1.34
03.07.2018 00:15:08.926,1.49935,1.49735,1.48,2.65
03.07.2018 00:15:10.247,1.49935,1.49735,1.96,2.48
03.07.2018 00:15:11.770,1.49935,1.49735,1.09,1.94
03.07.2018 00:15:13.267,1.49935,1.49735,1.36,1.78
03.07.2018 00:15:14.692,1.49933,1.49733,2.52,1.4
03.07.2018 00:15:16.122,1.49934,1.49734,2.52,2.53
03.07.2018 00:15:17.395,1.49932,1.49732,2.45,1.52
03.07.2018 00:15:18.739,1.49935,1.49735,1.12,2.52
03.07.2018 00:15:20.209,1.49938,1.49738,1.43,2.35
03.07.2018 00:15:21.721,1.49939,1.49739,1.97,2.57
03.07.2018 00:15:23.204,1.49939,1.49739,1.56,1.36
03.07.2018 00:15:24.589,1.49937,1.49737,1.54,1.92
03.07.2018 00:15:26.024,1.49939,1.49739,2.3,2.25
03.07.2018 00:15:27.326,1.49936,1.49736,2.22,1.27
03.07.2018 00:15:28.540,1.49935,1.49735,1.1,2.99
03.07.2018 00:15:29.909,1.49933,1.49733,1.83,1.19
03.07.2018 00:15:31.198,1.49936,1.49736,2.94,1.65
03.07.2018 00:15:32.603,1.49935,1.49735,2.77,1.68
03.07.2018 00:15:33.905,1.49936,1.49736,1.96,1.14
03.07.2018 00:15:35.222,1.49937,1.49737,1.4,1.73
03.07.2018 00:15:36.704,1.49938,1.49738,1.11,1.32
03.07.2018 00:15:38.226,1.49937,1.49737,1.65,1.35
03.07.2018 00:15:39.381,1.49938,1.49738,2.15,1.93
03.07.2018 00:15:40.844,1.4994,1.4974,2.41,1.66
03.07.2018 00:15:42.148,1.49937,1.49737,1.31,2.91
03.07.2018 00:15:43.450,1.49936,1.49736,1.44,1.37
03.07.2018 00:15:44.849,1.49934,1.49734,2.49,2.44
03.07.2018 00:15:46.358,1.49934,1.49734,1.31,2.82
03.07.2018 00:15:47.637,1.49934,1.49734,2.68,1.76
03.07.2018 00:15:49.050,1.49935,1.49735,1.1,1.05
03.07.2018 00:15:50.415,1.49932,1.49732,2.07,2.46
03.07.2018 00:15:51.779,1.49933,1.49733,2.26,2.77
03.07.2018 00:15:53.037,1.49932,1.49732,2.68,1.72
03.07.2018 00:15:54.395,1.49934,1.49734,1.6,2.45
03.07.2018 00:15:55.772,1.49934,1.49734,1.4,2.28
03.07.2018 00:15:57.086,1.49934,1.49734,2.89,1.31
03.07.2018 00:15:58.485,1.49934,1.49734,3,1.44
03.07.2018 00:15:59.904,1.49933,1.49733,2.18,1.51
03.07.2018 00:16:01.527,1.49935,1.49735,2.35,1.77
03.07.2018 00:16:02.947,1.49932,1.49732,2.15,1.97
03.07.2018 00:16:04.340,1.4993,1.4973,2.4,1.45
03.07.2018 00:16:05.586,1.49934,1.49734,1.56,1.23
03.07.2018 00:16:06.912,1.49935,1.49735,1.25,2.47
03.07.2018 00:16:08.250,1.49934,1.49734,1.3,2.55
03.07.2018 00:16:09.592,1.49937,1.49737,2.62,2.55
03.07.2018 00:16:10.867,1.49937,1.49737,1.15,1.79
03.07.2018 00:16:12.055,1.49937,1.49737,2.26,2.43
03.07.2018 00:16:13.437,1.49936,1.49736,2.62,2.36
03.07.2018 00:16:14.841,1.49937,1.49737,1.87,1.7
03.07.2018 00:16:16.398,1.49935,1.49735,1.73,1.46
03.07.2018 00:16:17.898,1.49935,1.49735,2.81,2.19
03.07.2018 00:16:19.499,1.49933,1.49733,1.69,1.51
03.07.2018 00:16:21.080,1.49932,1.49732,2.63,2.99
03.07.2018 00:16:22.551,1.49932,1.49732,1.55,1.16
03.07.2018 00:16:23.937,1.49934,1.49734,2.63,1.91
03.07.2018 00:16:25.407,1.49932,1.49732,2.91,2.41
03.07.2018 00:16:26.830,1.49935,1.49735,1.47,2.99
03.07.2018 00:16:28.363,1.49932,1.49732,2.16,1.69
03.07.2018 00:16:29.918,1.49932,1.49732,2.77,2.24
03.07.2018 00:16:31.298,1.4993,1.4973,1.33,2.31
03.07.2018 00:16:32.786,1.49931,1.49731,1.17,1.75
03.07.2018 00:16:34.098,1.49931,1.49731,1.5,1.63
03.07.2018 00:16:35.587,1.49932,1.49732,1.43,1.76
03.07.2018 00:16:36.999,1.49932,1.49732,2.36,1.93
03.07.2018 00:16:38.345,1.49931,1.49731,1.98,2.69
03.07.2018 00:16:39.866,1.49932,1.49732,1.23,2.54
03.07.2018 00:16:41.297,1.49934,1.49734,1.96,2.1
03.07.2018 00:16:42.627,1.49935,1.49735,1.79,2.13
03.07.2018 00:16:43.959,1.49934,1.49734,2.23,1.4
03.07.2018 00:16:45.554,1.49934,1.49734,1.21,1.83
03.07.2018 00:16:46.930,1.49934,1.49734,1.7,2.59
03.07.2018 00:16:48.296,1.49932,1.49732,2.38,1.85
03.07.2018 00:16:49.867,1.49933,1.49733,1.68,2.06
03.07.2018 00:16:51.418,1.4993,1.4973,1.54,1.21
03.07.2018 00:16:52.772,1.49928,1.49728,2.08,1.67
03.07.2018 00:16:54.032,1.49927,1.49727,2.22,1.85
03.07.2018 00:16:55.475,1.49926,1.49726,1.19,1.98
03.07.2018 00:16:56.881,1.49928,1.49728,1.08,2.46
03.07.2018 00:16:58.391,1.49926,1.49726,1.17,1.46
03.07.2018 00:16:59.935,1.49925,1.49725,1.16,1.77
03.07.2018 00:17:01.365,1.49922,1.49722,2.73,1.21
03.07.2018 00:17:02.721,1.49921,1.49721,1.83,2.65
03.07.2018 00:17:04.347,1.49921,1.49721,1.27,2.52
03.07.2018 00:17:05.646,1.49921,1.49721,1.64,1.32
03.07.2018 00:17:06.990,1.49922,1.49722,2.06,1.94
03.07.2018 00:17:08.530,1.4992,1.4972,1.77,2.23
03.07.2018 00:17:09.841,1.49918,1.49718,2.85,1.23
03.07.2018 00:17:11.110,1.49917,1.49717,1.21,1.71
03.07.2018 00:17:12.586,1.49917,1.49717,2.98,1.29
03.07.2018 00:17:14.098,1.49918,1.49718,2.05,2.14
03.07.2018 00:17:15.490,1.49921,1.49721,1.25,2.86
03.07.2018 00:17:16.824,1.49922,1.49722,2.91,2.69
03.07.2018 00:17:18.323,1.49922,1.49722,2.22,2.63
03.07.2018 00:17:19.831,1.49922,1.49722,1.43,1.61
03.07.2018 00:17:21.102,1.49919,1.49719,2.47,2.04
03.07.2018 00:17:22.416,1.49919,1.49719,2.84,2.28
03.07.2018 00:17:23.773,1.4992,1.4972,1.2,2.63
03.07.2018 00:17:25.284,1.4992,1.4972,1.18,2.48
03.07.2018 00:17:26.709,1.4992,1.4972,1.92,2.54
03.07.2018 00:17:28.009,1.49919,1.49719,1.2,2.57
03.07.2018 00:17:29.223,1.4992,1.4972,2.28,2.11
03.07.2018 00:17:30.701,1.49921,1.49721,2.62,2.33
03.07.2018 00:17:32.184,1.49922,1.49722,2.27,2.08
03.07.2018 00:17:33.553,1.49922,1.49722,1.66,1.3
03.07.2018 00:17:34.844,1.49921,1.49721,2.76,1.05
03.07.2018 00:17:36.144,1.49922,1.49722,1.57,1.16
03.07.2018 00:17:37.533,1.49924,1.49724,1.37,1.19
03.07.2018 00:17:38.961,1.49925,1.49725,2.29,2.83
03.07.2018 00:17:40.486,1.49924,1.49724,1.07,2.37
03.07.2018 00:17:41.929,1.49925,1.49725,2.35,2.87
03.07.2018 00:17:43.312,1.49927,1.49727,1.79,1.64
03.07.2018 00:17:44.642,1.49927,1.49727,2.74,1.52
03.07.2018 00:17:46.156,1.49927,1.49727,2.69,1.15
03.07.2018 00:17:47.474,1.49928,1.49728,1.31,1.8
03.07.2018 00:17:48.902,1.49926,1.49726,1.94,1.23
03.07.2018 00:17:50.293,1.49925,1.49725,1.16,2.19
03.07.2018 00:17:51.605,1.49927,1.49727,1.33,1.73
03.07.2018 00:17:52.913,1.49926,1.49726,1.46,1.56
03.07.2018 00:17:54.384,1.49923,1.49723,1.19,2.24
03.07.2018 00:17:55.896,1.49922,1.49722,2.85,2.01
03.07.2018 00:17:57.291,1.49923,1.49723,2.41,2.73
03.07.2018 00:17:58.498,1.49924,1.49724,2.15,1.77
03.07.2018 00:18:00.084,1.49922,1.49722,1.6,2.41
03.07.2018 00:18:01.506,1.49922,1.49722,1.09,2.51
03.07.2018 00:18:02.951,1.49921,1.49721,2.88,2.58
03.07.2018 00:18:04.415,1.49923,1.49723,2.72,2.61
03.07.2018 00:18:05.796,1.49923,1.49723,2.52,1.58
03.07.2018 00:18:07.090,1.49922,1.49722,1.75,2.67
03.07.2018 00:18:08.476,1.49921,1.49721,2.24,1.43
03.07.2018 00:18:09.812,1.49919,1.49719,2.09,2.88
03.07.2018 00:18:11.234,1.49918,1.49718,2.43,2.34
03.07.2018 00:18:12.526,1.49919,1.49719,2.77,1.46
03.07.2018 00:18:13.991,1.49919,1.49719,2.34,1.25
03.07.2018 00:18:15.317,1.49915,1.49715,2.87,1.35
03.07.2018 00:18:16.619,1.49917,1.49717,2.92,2.56
03.07.2018 00:18:18.117,1.49917,1.49717,1.22,1.15
03.07.2018 00:18:19.325,1.49915,1.49715,1.6,2.04
03.07.2018 00:18:20.664,1.49916,1.49716,1.69,1.78
03.07.2018 00:18:22.087,1.49918,1.49718,1.78,1.15
03.07.2018 00:18:23.523,1.49919,1.49719,2.85,2.26
03.07.2018 00:18:24.894,1.49917,1.49717,1.18,2.85
03.07.2018 00:18:26.301,1.49919,1.49719,2.49,1.39
03.07.2018 00:18:27.731,1.49917,1.49717,2.38,1.41
03.07.2018 00:18:29.214,1.49919,1.49719,2.04,1.24
03.07.2018 00:18:30.625,1.49919,1.49719,2.35,2.57
03.07.2018 00:18:32.051,1.49916,1.49716,2.14,2.07
03.07.2018 00:18:33.434,1.49918,1.49718,1.59,2.96
03.07.2018 00:18:34.841,1.49918,1.49718,2.49,1.65
03.07.2018 00:18:36.307,1.49919,1.49719,2.78,2.77
03.07.2018 00:18:37.447,1.49918,1.49718,2.18,2.73
03.07.2018 00:18:38.888,1.4992,1.4972,1.28,1.16
03.07.2018 00:18:40.359,1.4992,1.4972,1.17,1.91
03.07.2018 00:18:41.843,1.49918,1.49718,1.06,2.29
03.07.2018 00:18:43.277,1.49919,1.49719,2.99,1.11
03.07.2018 00:18:44.750,1.49919,1.49719,2.34,1.44
03.07.2018 00:18:46.227,1.4992,1.4972,2.86,1.15
03.07.2018 00:18:47.768,1.49922,1.49722,1.27,1.6
03.07.2018 00:18:49.093,1.49923,1.49723,2.06,2.81
03.07.2018 00:18:50.297,1.49924,1.49724,1.29,2.82
03.07.2018 00:18:51.748,1.49924,1.49724,1.68,2.18
03.07.2018 00:18:53.202,1.49927,1.49727,1.08,1.12
03.07.2018 00:18:54.645,1.49928,1.49728,1.8,1.43
03.07.2018 00:18:56.216,1.49932,1.49732,1.8,1.72
03.07.2018 00:18:57.732,1.49932,1.49732,2.3,1.52
03.07.2018 00:18:59.087,1.49934,1.49734,2.36,1.79
03.07.2018 00:19:00.470,1.49933,1.49733,2.26,1.66
03.07.2018 00:19:01.915,1.49934,1.49734,2.9,2.96
03.07.2018 00:19:03.225,1.49936,1.49736,1.01,2.21
03.07.2018 00:19:04.776,1.49937,1.49737,1.72,1.34
03.07.2018 00:19:06.225,1.49934,1.49734,1.79,1.65
03.07.2018 00:19:07.787,1.49929,1.49729,1.61,2.55
03.07.2018 00:19:09.291,1.4993,1.4973,1.38,2.82
03.07.2018 00:19:10.568,1.49929,1.49729,2.25,1.66
03.07.2018 00:19:11.934,1.4993,1.4973,1.72,1.34
03.07.2018 00:19:13.154,1.49929,1.49729,1.24,2.41
03.07.2018 00:19:14.661,1.49928,1.49728,3,1.73
03.07.2018 00:19:16.230,1.49929,1.49729,1.11,1.65
03.07.2018 00:19:17.822,1.49925,1.49725,2.85,2.94
03.07.2018 00:19:19.207,1.49929,1.49729,2.59,2.28
03.07.2018 00:19:20.560,1.49932,1.49732,1.93,1.71
03.07.2018 00:19:21.883,1.49929,1.49729,1.11,2.52
03.07.2018 00:19:23.253,1.49929,1.49729,1.51,1.02
03.07.2018 00:19:24.622,1.49929,1.49729,2.58,2.76
03.07.2018 00:19:25.879,1.49931,1.49731,1.84,2.72
03.07.2018 00:19:27.333,1.49925,1.49725,2.21,2.75
03.07.2018 00:19:28.759,1.49925,1.49725,1.88,1.13
03.07.2018 00:19:29.975,1.49924,1.49724,2.45,2.16
03.07.2018 00:19:31.350,1.49921,1.49721,1.68,1.37
03.07.2018 00:19:32.798,1.49919,1.49719,2.33,2.35
03.07.2018 00:19:34.156,1.49916,1.49716,1.86,2.42
03.07.2018 00:19:35.337,1.49918,1.49718,1.03,1.3
03.07.2018 00:19:36.670,1.49918,1.49718,2.13,1.93
03.07.2018 00:19:38.076,1.49917,1.49717,2.88,1.78
03.07.2018 00:19:39.482,1.49917,1.49717,1.78,2.81
03.07.2018 00:19:40.985,1.49921,1.49721,1.74,1.92
03.07.2018 00:19:42.280,1.4992,1.4972,2.38,1.37
03.07.2018 00:19:43.527,1.4992,1.4972,1.32,1.23
03.07.2018 00:19:44.971,1.4992,1.4972,1.45,2.05
03.07.2018 00:19:46.374,1.4992,1.4972,1.45,1.62
03.07.2018 00:19:47.887,1.49918,1.49718,2,1.86
03.07.2018 00:19:49.212,1.49918,1.49718,2.73,2.62
03.07.2018 00:19:50.540,1.49918,1.49718,2.93,1.48
03.07.2018 00:19:51.882,1.49915,1.49715,1.31,1.33
03.07.2018 00:19:53.116,1.49915,1.49715,2.23,1.34
03.07.2018 00:19:54.630,1.49917,1.49717,1.21,2.74
03.07.2018 00:19:55.988,1.49918,1.49718,2.58,2.2
03.07.2018 00:19:57.443,1.49918,1.49718,2.22,1.69
03.07.2018 00:19:58.830,1.49919,1.49719,1.62,1.96
03.07.2018 00:20:00.227,1.49918,1.49718,1.37,1.78
03.07.2018 00:20:01.752,1.49919,1.49719,2.44,2.45
03.07.2018 00:20:03.043,1.49918,1.49718,2.24,1.22
03.07.2018 00:20:04.503,1.49918,1.49718,1.15,2.09
03.07.2018 00:20:05.861,1.49917,1.49717,2.7,2.05
03.07.2018 00:20:07.185,1.49914,1.49714,1.72,1.12
03.07.2018 00:20:08.389,1.49914,1.49714,2.14,2.77
03.07.2018 00:20:09.930,1.49915,1.49715,1.95,2.36
03.07.2018 00:20:11.355,1.49917,1.49717,2.27,2.62
03.07.2018 00:20:12.597,1.49917,1.49717,1.15,2.71
03.07.2018 00:20:13.920,1.49916,1.49716,2.4,1.96
03.07.2018 00:20:15.508,1.49914,1.49714,1.89,1.02
03.07.2018 00:20:16.906,1.49915,1.49715,1.72,1.58
03.07.2018 00:20:18.178,1.49916,1.49716,2.91,1.46
03.07.2018 00:20:19.845,1.49917,1.49717,2.29,2.08
03.07.2018 00:20:21.209,1.49916,1.49716,2.72,2.5
03.07.2018 00:20:22.506,1.49917,1.49717,2.41,1.3
03.07.2018 00:20:24.149,1.49916,1.49716,2.93,1.85
03.07.2018 00:20:25.463,1.49916,1.49716,2.45,1.31
03.07.2018 00:20:26.890,1.49916,1.49716,2.79,2.27
03.07.2018 00:20:28.324,1.49917,1.49717,1.22,1.72
03.07.2018 00:20:29.812,1.49917,1.49717,2.4,1.43
03.07.2018 00:20:31.214,1.49914,1.49714,2.55,1.06
03.07.2018 00:20:32.639,1.49916,1.49716,2.58,2.78
03.07.2018 00:20:33.974,1.49918,1.49718,1.82,2.13
03.07.2018 00:20:35.234,1.49914,1.49714,2.27,1.59
03.07.2018 00:20:36.657,1.49913,1.49713,1.82,1.41
03.07.2018 00:20:38.236,1.49916,1.49716,1.54,1.78
03.07.2018 00:20:39.679,1.49914,1.49714,1.18,2.77
03.07.2018 00:20:41.010,1.49913,1.49713,1.18,1.18
03.07.2018 00:20:42.538,1.49912,1.49712,1.97,2.19
03.07.2018 00:20:43.970,1.49914,1.49714,2.86,1.81
03.07.2018 00:20:45.369,1.49917,1.49717,1.49,1.41
03.07.2018 00:20:46.949,1.49918,1.49718,2.63,2.38
03.07.2018 00:20:48.450,1.49922,1.49722,2.23,2.09
03.07.2018 00:20:49.759,1.4992,1.4972,1.57,1.37
03.07.2018 00:20:51.263,1.49919,1.49719,2.39,2.97
03.07.2018 00:20:52.710,1.49921,1.49721,1.89,1.42
03.07.2018 00:20:54.124,1.4992,1.4972,1.52,1.44
03.07.2018 00:20:55.339,1.4992,1.4972,1.61,2.63
03.07.2018 00:20:56.690,1.4992,1.4972,2.34,1.06
03.07.2018 00:20:57.985,1.4992,1.4972,2.77,1.29
03.07.2018 00:20:59.157,1.49921,1.49721,2.69,1.69
03.07.2018 00:21:00.612,1.49923,1.49723,2.32,1.34
03.07.2018 00:21:01.918,1.49922,1.49722,2.99,2.41
03.07.2018 00:21:03.164,1.49921,1.49721,2.63,2.31
03.07.2018 00:21:04.696,1.49925,1.49725,1.99,1.78
03.07.2018 00:21:06.128,1.49924,1.49724,1.15,2.81
03.07.2018 00:21:07.582,1.49925,1.49725,2.61,1.98
03.07.2018 00:21:09.125,1.49923,1.49723,2.72,2.52
03.07.2018 00:21:10.592,1.49924,1.49724,1.98,2.36
03.07.2018 00:21:12.052,1.49925,1.49725,2.55,1.09
03.07.2018 00:21:13.504,1.49927,1.49727,1.47,2.19
03.07.2018 00:21:14.673,1.49928,1.49728,1.93,2.53
03.07.2018 00:21:16.098,1.49928,1.49728,2.13,2.69
03.07.2018 00:21:17.590,1.49929,1.49729,1.6,1.1
03.07.2018 00:21:18.980,1.49929,1.49729,2.24,2.05
03.07.2018 00:21:20.302,1.4993,1.4973,2.73,2.42
03.07.2018 00:21:21.754,1.4993,1.4973,2.93,2.97
03.07.2018 00:21:23.223,1.49928,1.49728,1.17,1.49
03.07.2018 00:21:24.720,1.49927,1.49727,1.55,1.43
03.07.2018 00:21:26.013,1.49926,1.49726,1.46,1.84
03.07.2018 00:21:27.530,1.49923,1.49723,1.16,2.95
03.07.2018 00:21:28.880,1.4992,1.4972,1.94,1.65
03.07.2018 00:21:30.301,1.49919,1.49719,2.63,2.85
03.07.2018 00:21:31.779,1.49917,1.49717,1.54,1.3
03.07.2018 00:21:33.194,1.49915,1.49715,1.6,1.68
03.07.2018 00:21:34.554,1.49914,1.49714,1.45,1.45
03.07.2018 00:21:36.120,1.49914,1.49714,2.25,2.02
03.07.2018 00:21:37.513,1.49911,1.49711,2.15,1.78
03.07.2018 00:21:38.967,1.49911,1.49711,1.23,2.67
03.07.2018 00:21:40.127,1.49911,1.49711,2.17,1.91
03.07.2018 00:21:41.543,1.49911,1.49711,1.01,1.7
03.07.2018 00:21:42.933,1.49912,1.49712,1,1.65
03.07.2018 00:21:44.130,1.49912,1.49712,1.07,1.01
03.07.2018 00:21:45.388,1.4991,1.4971,2.96,1.09
03.07.2018 00:21:46.801,1.4991,1.4971,2.36,2.38
03.07.2018 00:21:48.220,1.4991,1.4971,1.39,1.32
03.07.2018 00:21:49.620,1.49912,1.49712,2.6,2.53
03.07.2018 00:21:50.951,1.49912,1.49712,1.62,1.18
03.07.2018 00:21:52.490,1.49911,1.49711,1.17,2.94
03.07.2018 00:21:53.987,1.4991,1.4971,1.09,2.57
03.07.2018 00:21:55.252,1.49911,1.49711,1.22,1.26
03.07.2018 00:21:56.764,1.49912,1.49712,1.97,2.11
03.07.2018 00:21:58.136,1.49913,1.49713,2.3,1.98
03.07.2018 00:21:59.448,1.49914,1.49714,1.38,2.91
03.07.2018 00:22:00.833,1.49914,1.49714,2.51,1.6
03.07.2018 00:22:02.325,1.49915,1.49715,1.55,1.88
03.07.2018 00:22:03.801,1.49915,1.49715,1.66,1.27
03.07.2018 00:22:05.143,1.49915,1.49715,1.35,1.31
03.07.2018 00:22:06.562,1.49915,1.49715,2.14,1.6
03.07.2018 00:22:07.859,1.49914,1.49714,1.35,1.31
03.07.2018 00:22:09.240,1.49917,1.49717,1.97,2.76
03.07.2018 00:22:10.865,1.49919,1.49719,2.36,2.27
03.07.2018 00:22:12.263,1.4992,1.4972,2.59,2.09
03.07.2018 00:22:13.837,1.49919,1.49719,2.87,2.33
03.07.2018 00:22:15.172,1.49919,1.49719,1.97,1.33
03.07.2018 00:22:16.510,1.49919,1.49719,2.28,1.37
03.07.2018 00:22:17.974,1.49919,1.49719,2.24,1.81
03.07.2018 00:22:19.400,1.49918,1.49718,2.43,1.55
03.07.2018 00:22:20.774,1.49917,1.49717,1,2.44
03.07.2018 00:22:22.109,1.49917,1.49717,2.51,1.54
03.07.2018 00:22:23.416,1.49918,1.49718,2.31,1.38
03.07.2018 00:22:24.852,1.49917,1.49717,2.88,1.06
03.07.2018 00:22:26.193,1.49913,1.49713,1.19,2.63
03.07.2018 00:22:27.521,1.49915,1.49715,2.92,1.28
03.07.2018 00:22:29.133,1.49914,1.49714,2.21,2.48
03.07.2018 00:22:30.331,1.49915,1.49715,1.79,1.34
03.07.2018 00:22:31.677,1.49917,1.49717,2.53,1.82
03.07.2018 00:22:33.203,1.49916,1.49716,1.1,1.75
03.07.2018 00:22:34.460,1.49917,1.49717,2.27,1.87
03.07.2018 00:22:35.725,1.49918,1.49718,1.9,1.83
03.07.2018 00:22:37.087,1.49917,1.49717,1.19,1.52
03.07.2018 00:22:38.430,1.49916,1.49716,2.54,2.19
03.07.2018 00:22:39.807,1.49917,1.49717,2.88,2.4
03.07.2018 00:22:40.969,1.49919,1.49719,1.04,2.06
03.07.2018 00:22:42.427,1.4992,1.4972,2.48,1.81
03.07.2018 00:22:43.697,1.49919,1.49719,2.17,2.47
03.07.2018 00:22:45.021,1.49917,1.49717,1.73,2.73
03.07.2018 00:22:46.541,1.4992,1.4972,1.74,2.92
03.07.2018 00:22:47.832,1.49924,1.49724,2.17,2.69
03.07.2018 00:22:49.210,1.49923,1.49723,2.15,1.24
03.07.2018 00:22:50.513,1.49924,1.49724,1.95,2.23
03.07.2018 00:22:52.069,1.49927,1.49727,1.31,1.7
03.07.2018 00:22:53.561,1.49929,1.49729,1.21,2.43
03.07.2018 00:22:54.827,1.49927,1.49727,1.92,1.03
03.07.2018 00:22:56.184,1.49928,1.49728,1.35,1.97
03.07.2018 00:22:57.508,1.4993,1.4973,2.91,2.31
03.07.2018 00:22:58.840,1.49931,1.49731,2.24,1.48
03.07.2018 00:23:00.125,1.49931,1.49731,2.02,2.81
03.07.2018 00:23:01.369,1.49931,1.49731,2.04,1.98
03.07.2018 00:23:02.844,1.49929,1.49729,2.68,2.45
03.07.2018 00:23:04.036,1.49929,1.49729,2.1,1.91
03.07.2018 00:23:05.583,1.49928,1.49728,2.58,2.43
03.07.2018 00:23:06.891,1.49928,1.49728,1.6,1.45
03.07.2018 00:23:08.353,1.49927,1.49727,2.19,1.73
03.07.2018 00:23:09.701,1.49928,1.49728,1.69,1.43
03.07.2018 00:23:11.092,1.49926,1.49726,2.38,2.86
03.07.2018 00:23:12.500,1.49925,1.49725,1.75,1.27
03.07.2018 00:23:13.913,1.49925,1.49725,1.96,1.69
03.07.2018 00:23:15.315,1.49927,1.49727,1.48,2.63
03.07.2018 00:23:16.534,1.49925,1.49725,2.57,1.46
03.07.2018 00:23:17.690,1.49924,1.49724,2.6,2.75
03.07.2018 00:23:18.935,1.49924,1.49724,1.99,2.74
03.07.2018 00:23:20.323,1.49924,1.49724,2.33,2.46
03.07.2018 00:23:21.836,1.49923,1.49723,2.15,2.97
03.07.2018 00:23:23.193,1.49922,1.49722,1.43,1.89
03.07.2018 00:23:24.550,1.49925,1.49725,2.28,1.41
03.07.2018 00:23:26.161,1.49923,1.49723,2.15,1.02
03.07.2018 00:23:27.499,1.49928,1.49728,1.01,2.28
03.07.2018 00:23:28.916,1.49927,1.49727,1.68,1.73
03.07.2018 00:23:30.287,1.49929,1.49729,1.73,1.24
03.07.2018 00:23:31.662,1.49928,1.49728,1.86,1.51
03.07.2018 00:23:33.107,1.49931,1.49731,2.68,1.72
03.07.2018 00:23:34.417,1.49929,1.49729,1.5,2.3
03.07.2018 00:23:35.781,1.49931,1.49731,2.13,2.24
03.07.2018 00:23:37.136,1.49932,1.49732,2.83,1.92
03.07.2018 00:23:38.461,1.49932,1.49732,1.58,2.85
03.07.2018 00:23:39.836,1.49934,1.49734,1.96,1.69
03.07.2018 00:23:41.264,1.49938,1.49738,2.21,2.46
03.07.2018 00:23:42.776,1.49938,1.49738,1.83,2.51
03.07.2018 00:23:44.025,1.49936,1.49736,2.29,2.73
03.07.2018 00:23:45.600,1.49934,1.49734,2.86,1.24
03.07.2018 00:23:46.883,1.49935,1.49735,1.6,1.71
03.07.2018 00:23:48.542,1.49937,1.49737,2.48,1.66
03.07.2018 00:23:50.090,1.49937,1.49737,2.82,2.17
03.07.2018 00:23:51.348,1.49937,1.49737,1.37,2.56
03.07.2018 00:23:52.785,1.49938,1.49738,2.92,2.78
03.07.2018 00:23:54.222,1.49938,1.49738,2.71,2.13
03.07.2018 00:23:55.556,1.49937,1.49737,2.11,2.39
03.07.2018 00:23:56.925,1.49937,1.49737,1.25,2.44
03.07.2018 00:23:58.216,1.49939,1.49739,2.77,1.83
03.07.2018 00:23:59.799,1.49942,1.49742,2.75,1.58
03.07.2018 00:24:01.186,1.49942,1.49742,2.36,2.85
03.07.2018 00:24:02.493,1.49943,1.49743,2.75,1.17
03.07.2018 00:24:03.902,1.49941,1.49741,2.31,2.36
03.07.2018 00:24:05.357,1.4994,1.4974,2.6,2.47
03.07.2018 00:24:06.842,1.49941,1.49741,2.48,1.63
03.07.2018 00:24:08.371,1.49939,1.49739,1.87,2.82
03.07.2018 00:24:09.810,1.49941,1.49741,2.3,2.64
03.07.2018 00:24:11.318,1.4994,1.4974,2.74,2
03.07.2018 00:24:12.717,1.4994,1.4974,2.52,1.83
03.07.2018 00:24:13.976,1.4994,1.4974,2.29,1.71
03.07.2018 00:24:15.203,1.4994,1.4974,1.89,2.63
03.07.2018 00:24:16.601,1.49941,1.49741,1.97,2.44
03.07.2018 00:24:18.053,1.49939,1.49739,1.89,1.43
03.07.2018 00:24:19.381,1.4994,1.4974,2.28,2.09
03.07.2018 00:24:20.874,1.49939,1.49739,2.26,2.62
03.07.2018 00:24:22.370,1.49938,1.49738,1.46,1.68
03.07.2018 00:24:23.909,1.49938,1.49738,2.04,2.77
03.07.2018 00:24:25.473,1.49936,1.49736,1.13,2.12
03.07.2018 00:24:26.940,1.49936,1.49736,2.88,1.99
03.07.2018 00:24:28.224,1.49931,1.49731,1.03,1.12
03.07.2018 00:24:29.833,1.49933,1.49733,1.29,2.91
03.07.2018 00:24:31.194,1.49935,1.49735,1.17,2.49
03.07.2018 00:24:32.663,1.49933,1.49733,1.59,2.19
03.07.2018 00:24:34.102,1.49935,1.49735,1.4,2.33
03.07.2018 00:24:35.616,1.49936,1.49736,1.92,2.97
03.07.2018 00:24:36.945,1.49939,1.49739,1.64,2.18
03.07.2018 00:24:38.264,1.49936,1.49736,1.11,1.93
03.07.2018 00:24:39.708,1.49936,1.49736,1.12,1.1
03.07.2018 00:24:41.233,1.49935,1.49735,2.27,1
03.07.2018 00:24:42.581,1.49933,1.49733,1.85,1.58
03.07.2018 00:24:44.035,1.49935,1.49735,2.35,2.89
03.07.2018 00:24:45.500,1.49933,1.49733,2.08,2.31
03.07.2018 00:24:46.830,1.49932,1.49732,1.51,1.78
03.07.2018 00:24:48.446,1.49931,1.49731,2.2,1.93
03.07.2018 00:24:49.789,1.49933,1.49733,2.54,1.62
03.07.2018 00:24:51.281,1.49932,1.49732,2.28,1.01
03.07.2018 00:24:52.697,1.49933,1.49733,2.95,2.33
03.07.2018 00:24:54.016,1.49934,1.49734,2.07,1.85
03.07.2018 00:24:55.316,1.49934,1.49734,1.42,2.89
03.07.2018 00:24:56.643,1.49933,1.49733,1.68,1.66
03.07.2018 00:24:57.964,1.49932,1.49732,2.02,2.26
03.07.2018 00:24:59.239,1.49935,1.49735,2.66,2.45
03.07.2018 00:25:00.555,1.49937,1.49737,2.69,1.57
03.07.2018 00:25:01.793,1.49938,1.49738,1.22,2.12
03.07.2018 00:25:03.171,1.49939,1.49739,2.66,2.44
03.07.2018 00:25:04.507,1.49938,1.49738,1.82,1.51
03.07.2018 00:25:05.897,1.49937,1.49737,1.25,2.72
03.07.2018 00:25:07.195,1.49936,1.49736,1.24,1.39
03.07.2018 00:25:08.756,1.49938,1.49738,2.96,2.94
03.07.2018 00:25:10.154,1.49938,1.49738,1.05,2.48
03.07.2018 00:25:11.603,1.4994,1.4974,1.78,2.12
03.07.2018 00:25:13.114,1.49941,1.49741,1.64,1.18
03.07.2018 00:25:14.581,1.49942,1.49742,1.97,1.35
03.07.2018 00:25:16.012,1.49945,1.49745,2.37,2.73
03.07.2018 00:25:17.493,1.49944,1.49744,2.29,1.6
03.07.2018 00:25:18.846,1.49943,1.49743,1.92,1.86
03.07.2018 00:25:20.384,1.49944,1.49744,2.59,1.67
03.07.2018 00:25:21.598,1.49944,1.49744,1.97,1.54
03.07.2018 00:25:23.053,1.49946,1.49746,2.8,1.2
03.07.2018 00:25:24.642,1.49946,1.49746,2.94,2.97
03.07.2018 00:25:26.012,1.49948,1.49748,2.02,1.92
03.07.2018 00:25:27.665,1.49948,1.49748,2.23,2.45
03.07.2018 00:25:29.149,1.49948,1.49748,2.78,1.58
03.07.2018 00:25:30.549,1.49949,1.49749,1.97,2.27
03.07.2018 00:25:31.963,1.49953,1.49753,2.91,1.99
03.07.2018 00:25:33.331,1.49952,1.49752,1.03,1.3
03.07.2018 00:25:34.787,1.49952,1.49752,1.94,1.14
03.07.2018 00:25:36.277,1.49954,1.49754,2.46,1.19
03.07.2018 00:25:37.681,1.49952,1.49752,2.11,2.05
03.07.2018 00:25:39.109,1.4995,1.4975,2.95,2.55
03.07.2018 00:25:40.541,1.49948,1.49748,1.5,2.48
03.07.2018 00:25:41.875,1.49947,1.49747,2.99,1.54
03.07.2018 00:25:43.311,1.49947,1.49747,2.58,1.22
03.07.2018 00:25:44.678,1.49945,1.49745,2.88,2.12
03.07.2018 00:25:46.067,1.49946,1.49746,2.38,1.69
03.07.2018 00:25:47.563,1.49947,1.49747,1.19,1.71
03.07.2018 00:25:48.873,1.49947,1.49747,2.98,2.3
03.07.2018 00:25:50.277,1.49948,1.49748,2.53,1.21
03.07.2018 00:25:51.717,1.49949,1.49749,2.37,1.74
03.07.2018 00:25:52.967,1.49949,1.49749,1.55,2.75
03.07.2018 00:25:54.359,1.49949,1.49749,1.69,1.22
03.07.2018 00:25:55.926,1.49946,1.49746,2.56,2.83
03.07.2018 00:25:57.237,1.49947,1.49747,1.41,1.92
03.07.2018 00:25:58.645,1.49948,1.49748,2.54,1.61
03.07.2018 00:26:00.100,1.49948,1.49748,2.92,1
03.07.2018 00:26:01.444,1.49948,1.49748,2.27,1.87
03.07.2018 00:26:02.844,1.49947,1.49747,1.9,2.69
03.07.2018 00:26:04.160,1.49947,1.49747,2.31,2.36
03.07.2018 00:26:05.481,1.49947,1.49747,1.02,2.91
03.07.2018 00:26:07.087,1.49945,1.49745,2.51,1.38
03.07.2018 00:26:08.422,1.49945,1.49745,1.61,1.65
03.07.2018 00:26:09.694,1.49946,1.49746,1.55,2.73
03.07.2018 00:26:11.199,1.49945,1.49745,1.27,1.74
03.07.2018 00:26:12.674,1.49948,1.49748,2.69,1.83
03.07.2018 00:26:14.188,1.49946,1.49746,1.82,2.32
03.07.2018 00:26:15.602,1.49945,1.49745,1.36,2.53
03.07.2018 00:26:17.043,1.49947,1.49747,2.06,1.94
03.07.2018 00:26:18.473,1.49947,1.49747,2.06,1.26
03.07.2018 00:26:19.891,1.49952,1.49752,2.25,2.3
03.07.2018 00:26:21.227,1.49952,1.49752,1.5,1.71
03.07.2018 00:26:22.664,1.49955,1.49755,1.07,1.79
03.07.2018 00:26:24.017,1.49956,1.49756,2.26,2.14
03.07.2018 00:26:25.491,1.49958,1.49758,2.05,1.42
03.07.2018 00:26:26.956,1.49957,1.49757,2.22,1.14
03.07.2018 00:26:28.287,1.49956,1.49756,2.54,1.66
03.07.2018 00:26:29.702,1.49954,1.49754,2.73,1.78
03.07.2018 00:26:31.194,1.49959,1.49759,2.64,1.56
03.07.2018 00:26:32.610,1.49957,1.49757,2.34,1.64
03.07.2018 00:26:34.057,1.49956,1.49756,1.09,1.87
03.07.2018 00:26:35.379,1.49954,1.49754,2.56,2.63
03.07.2018 00:26:36.842,1.49957,1.49757,1.09,2.17
03.07.2018 00:26:38.312,1.49958,1.49758,1.32,2.06
03.07.2018 00:26:39.676,1.4996,1.4976,2.92,2.36
03.07.2018 00:26:41.075,1.49962,1.49762,2.17,2.58
03.07.2018 00:26:42.428,1.49961,1.49761,2.79,1.12
03.07.2018 00:26:43.875,1.49963,1.49763,2.26,1.09
03.07.2018 00:26:45.202,1.49966,1.49766,1.95,2.21
03.07.2018 00:26:46.603,1.49965,1.49765,2.47,2.22
03.07.2018 00:26:48.049,1.49965,1.49765,2.37,2.1
03.07.2018 00:26:49.320,1.49967,1.49767,2.01,2.48
03.07.2018 00:26:50.848,1.49966,1.49766,1.47,1.92
03.07.2018 00:26:52.306,1.49967,1.49767,1.48,2.86
03.07.2018 00:26:53.859,1.4997,1.4977,1.27,2.6
03.07.2018 00:26:55.218,1.49967,1.49767,2.71,1.08
03.07.2018 00:26:56.648,1.49969,1.49769,2.97,2.06
03.07.2018 00:26:57.993,1.4997,1.4977,1.05,1.9
03.07.2018 00:26:59.297,1.49971,1.49771,1.35,2.5
03.07.2018 00:27:00.551,1.49971,1.49771,1.97,1.94
03.07.2018 00:27:02.025,1.49972,1.49772,2.48,1.64
03.07.2018 00:27:03.579,1.49975,1.49775,2.74,1.03
03.07.2018 00:27:04.854,1.49976,1.49776,2.1,1.72
03.07.2018 00:27:06.451,1.49974,1.49774,1.52,2.69
03.07.2018 00:27:07.903,1.49972,1.49772,2.69,1.73
03.07.2018 00:27:09.316,1.49974,1.49774,2.26,1.7
03.07.2018 00:27:10.840,1.49974,1.49774,2.56,1.98
03.07.2018 00:27:12.381,1.49974,1.49774,2.94,1.1
03.07.2018 00:27:13.845,1.49975,1.49775,1.28,2.58
03.07.2018 00:27:15.196,1.49972,1.49772,1.46,1.41
03.07.2018 00:27:16.625,1.49973,1.49773,2.67,1.86
03.07.2018 00:27:17.945,1.49973,1.49773,2.39,1.09
03.07.2018 00:27:19.299,1.49974,1.49774,1.58,1.87
03.07.2018 00:27:20.679,1.49974,1.49774,1.61,1.86
03.07.2018 00:27:22.025,1.49974,1.49774,2.97,2.94
03.07.2018 00:27:23.521,1.49974,1.49774,2.07,2.52
03.07.2018 00:27:24.965,1.49977,1.49777,1.32,2.26
03.07.2018 00:27:26.304,1.49978,1.49778,2.11,2.44
03.07.2018 00:27:27.686,1.49978,1.49778,2.36,1.4
03.07.2018 00:27:29.184,1.49974,1.49774,1.72,1.22
03.07.2018 00:27:30.502,1.49972,1.49772,2.9,1.52
03.07.2018 00:27:31.733,1.49971,1.49771,2.48,1.82
03.07.2018 00:27:33.122,1.49971,1.49771,2.47,1.62
03.07.2018 00:27:34.440,1.49972,1.49772,1.87,2.17
03.07.2018 00:27:35.914,1.49971,1.49771,1.5,2.49
03.07.2018 00:27:37.413,1.49972,1.49772,2.38,2.02
03.07.2018 00:27:38.814,1.49971,1.49771,1.61,1.52
03.07.2018 00:27:40.341,1.49971,1.49771,1.57,2.28
03.07.2018 00:27:41.913,1.49971,1.49771,2.76,2.12
03.07.2018 00:27:43.203,1.49969,1.49769,2.57,1.14
03.07.2018 00:27:44.629,1.4997,1.4977,2.98,1.72
03.07.2018 00:27:45.951,1.49971,1.49771,2.35,2.93
03.07.2018 00:27:47.350,1.49969,1.49769,1.24,2.95
03.07.2018 00:27:48.688,1.49967,1.49767,1.07,2.46
03.07.2018 00:27:50.038,1.49966,1.49766,1.27,1.81
03.07.2018 00:27:51.326,1.49966,1.49766,2.85,1.25
03.07.2018 00:27:52.657,1.49967,1.49767,1.5,1.69
03.07.2018 00:27:53.979,1.49965,1.49765,2.89,1.2
03.07.2018 00:27:55.219,1.49968,1.49768,2.58,1.41
03.07.2018 00:27:56.547,1.49967,1.49767,2.31,1.64
03.07.2018 00:27:57.991,1.49967,1.49767,1.31,2.3
03.07.2018 00:27:59.445,1.49966,1.49766,1.16,2.78
03.07.2018 00:28:00.860,1.49968,1.49768,2.78,1.3
03.07.2018 00:28:02.310,1.49968,1.49768,1.78,2.44
03.07.2018 00:28:03.669,1.49967,1.49767,1.84,1.31
03.07.2018 00:28:05.072,1.49967,1.49767,2.66,1.96
03.07.2018 00:28:06.381,1.49968,1.49768,1.88,1.62
03.07.2018 00:28:07.865,1.49968,1.49768,2.41,2.58
03.07.2018 00:28:09.310,1.4997,1.4977,2.57,1.19
03.07.2018 00:28:10.590,1.49969,1.49769,1.68,2.02
03.07.2018 00:28:12.004,1.4997,1.4977,2.72,1.57
03.07.2018 00:28:13.503,1.49969,1.49769,2.57,2
03.07.2018 00:28:14.830,1.4997,1.4977,2,1.23
03.07.2018 00:28:16.160,1.49968,1.49768,2.25,1.91
03.07.2018 00:28:17.569,1.49967,1.49767,2.39,1.48
03.07.2018 00:28:18.902,1.49966,1.49766,1.16,2.18
03.07.2018 00:28:20.394,1.49968,1.49768,1.34,2.56
03.07.2018 00:28:21.856,1.49966,1.49766,1.9,2.93
03.07.2018 00:28:23.153,1.49968,1.49768,2.53,2.7
03.07.2018 00:28:24.550,1.49968,1.49768,2.15,1.34
03.07.2018 00:28:25.881,1.49969,1.49769,1.96,2.16
03.07.2018 00:28:27.228,1.4997,1.4977,2.86,1.7
03.07.2018 00:28:28.557,1.49969,1.49769,2.21,1.6
03.07.2018 00:28:29.985,1.49969,1.49769,2.11,1.93
03.07.2018 00:28:31.083,1.49967,1.49767,1.37,2.37
03.07.2018 00:28:32.427,1.49966,1.49766,2.54,1.58
03.07.2018 00:28:33.890,1.49967,1.49767,2.43,2.64
03.07.2018 00:28:35.287,1.49968,1.49768,2.16,2.74
03.07.2018 00:28:36.553,1.49967,1.49767,2.52,2.66
03.07.2018 00:28:37.941,1.49966,1.49766,1.46,1.49
03.07.2018 00:28:39.378,1.49966,1.49766,1.55,2.4
03.07.2018 00:28:40.957,1.49968,1.49768,2.87,1.31
03.07.2018 00:28:42.468,1.49964,1.49764,1.99,1.55
03.07.2018 00:28:43.949,1.49963,1.49763,2.87,2.65
03.07.2018 00:28:45.315,1.49963,1.49763,2.53,2.74
03.07.2018 00:28:46.736,1.49963,1.49763,1.12,1.85
03.07.2018 00:28:48.057,1.49963,1.49763,2.41,2.08
03.07.2018 00:28:49.385,1.49964,1.49764,2,1.88
03.07.2018 00:28:50.847,1.49962,1.49762,2.53,1.2
03.07.2018 00:28:52.289,1.49962,1.49762,1.4,1.36
03.07.2018 00:28:53.607,1.49961,1.49761,1.53,1.92
03.07.2018 00:28:55.215,1.4996,1.4976,2.86,2.2
03.07.2018 00:28:56.587,1.49961,1.49761,1.29,1.92
03.07.2018 00:28:57.920,1.49959,1.49759,1.95,2.43
03.07.2018 00:28:59.111,1.49959,1.49759,1.57,1.01
03.07.2018 00:29:00.519,1.49959,1.49759,1.18,1.59
03.07.2018 00:29:02.111,1.49959,1.49759,1.51,1.22
03.07.2018 00:29:03.632,1.49959,1.49759,1.58,1.31
03.07.2018 00:29:04.871,1.49959,1.49759,2.02,1.46
03.07.2018 00:29:06.229,1.49959,1.49759,2.98,1.09
03.07.2018 00:29:07.711,1.49958,1.49758,2.48,2.65
03.07.2018 00:29:09.258,1.49956,1.49756,1.95,1.42
03.07.2018 00:29:10.583,1.49956,1.49756,1.17,1.66
03.07.2018 00:29:11.962,1.49956,1.49756,1.5,1.22
03.07.2018 00:29:13.405,1.49955,1.49755,2.79,1.76
03.07.2018 00:29:14.694,1.49958,1.49758,2.96,1.73
03.07.2018 00:29:16.319,1.49959,1.49759,2.76,2.07
03.07.2018 00:29:17.613,1.49956,1.49756,2.89,1.66
03.07.2018 00:29:19.181,1.49957,1.49757,2.18,2.18
03.07.2018 00:29:20.650,1.49955,1.49755,1.27,2.84
03.07.2018 00:29:22.099,1.49955,1.49755,2.94,2.06
03.07.2018 00:29:23.571,1.49957,1.49757,1.47,2.83
03.07.2018 00:29:24.925,1.49957,1.49757,2.47,2.99
03.07.2018 00:29:26.127,1.49953,1.49753,2.8,1.99
03.07.2018 00:29:27.537,1.49953,1.49753,1.28,2.28
03.07.2018 00:29:29.202,1.49954,1.49754,1.62,1.93
03.07.2018 00:29:30.479,1.49951,1.49751,2.09,2.77
03.07.2018 00:29:31.980,1.4995,1.4975,1.98,2.98
03.07.2018 00:29:33.420,1.49944,1.49744,2.94,2.88
03.07.2018 00:29:34.729,1.49944,1.49744,2.36,2.57
03.07.2018 00:29:36.146,1.49942,1.49742,1.99,2.72
03.07.2018 00:29:37.635,1.49943,1.49743,2.87,1.37
03.07.2018 00:29:39.026,1.49942,1.49742,1.16,2.47
03.07.2018 00:29:40.472,1.49941,1.49741,2.64,1.27
03.07.2018 00:29:41.974,1.49944,1.49744,1.45,2.93
03.07.2018 00:29:43.170,1.49943,1.49743,1.23,2.1
03.07.2018 00:29:44.663,1.49944,1.49744,3,2.56
03.07.2018 00:29:46.262,1.49945,1.49745,2.38,2.16
03.07.2018 00:29:47.632,1.49942,1.49742,2.58,2.15
03.07.2018 00:29:49.111,1.49946,1.49746,2.94,2.87
03.07.2018 00:29:50.451,1.49945,1.49745,1.52,2.91
03.07.2018 00:29:51.844,1.49944,1.49744,1.44,2.89
03.07.2018 00:29:53.151,1.49943,1.49743,1.75,1.4
03.07.2018 00:29:54.440,1.49943,1.49743,1.56,1.8
03.07.2018 00:29:55.709,1.49944,1.49744,1.06,1.92
03.07.2018 00:29:57.009,1.49945,1.49745,2.23,1.53
03.07.2018 00:29:58.383,1.49945,1.49745,2.09,1.46
03.07.2018 00:29:59.854,1.49943,1.49743,2.29,2.1
03.07.2018 00:30:01.357,1.49945,1.49745,2.82,2.05
03.07.2018 00:30:02.731,1.49944,1.49744,1.73,2.92
03.07.2018 00:30:04.109,1.49944,1.49744,2.58,2.25
03.07.2018 00:30:05.565,1.49945,1.49745,1.08,1.02
03.07.2018 00:30:06.965,1.49949,1.49749,1.12,2.58
03.07.2018 00:30:08.374,1.49948,1.49748,2.24,2.91
03.07.2018 00:30:09.888,1.49948,1.49748,1.39,2.61
03.07.2018 00:30:11.363,1.49948,1.49748,2.75,2.21
03.07.2018 00:30:12.887,1.49948,1.49748,1.5,2.73
03.07.2018 00:30:14.244,1.49948,1.49748,2.06,2.23
03.07.2018 00:30:15.686,1.4995,1.4975,2.05,2.44
03.07.2018 00:30:17.141,1.49953,1.49753,1.19,2.12
03.07.2018 00:30:18.542,1.49952,1.49752,1.23,2.59
03.07.2018 00:30:19.981,1.4995,1.4975,2.08,1.29
03.07.2018 00:30:21.381,1.4995,1.4975,2.19,1.3
03.07.2018 00:30:22.664,1.49949,1.49749,2.02,2.03
03.07.2018 00:30:24.054,1.49947,1.49747,2.91,2.83
03.07.2018 00:30:25.358,1.49948,1.49748,2.49,2.93
03.07.2018 00:30:26.775,1.49948,1.49748,2.84,1.02
03.07.2018 00:30:28.296,1.49949,1.49749,2.29,1.58
03.07.2018 00:30:29.699,1.49949,1.49749,1.08,1.08
03.07.2018 00:30:31.241,1.49952,1.49752,2.32,1.81
03.07.2018 00:30:32.573,1.49954,1.49754,1.01,1.76
03.07.2018 00:30:33.962,1.49954,1.49754,1.76,2.04
03.07.2018 00:30:35.319,1.49954,1.49754,2.65,2.12
03.07.2018 00:30:36.894,1.49952,1.49752,1.39,1.28
03.07.2018 00:30:38.384,1.49955,1.49755,2.29,2.48
03.07.2018 00:30:39.802,1.49955,1.49755,1.23,1.73
03.07.2018 00:30:41.177,1.49957,1.49757,2.26,2.78
03.07.2018 00:30:42.617,1.49955,1.49755,1.97,2.1
03.07.2018 00:30:43.953,1.49954,1.49754,2.97,2.31
03.07.2018 00:30:45.287,1.49955,1.49755,2.16,2.47
03.07.2018 00:30:46.616,1.49955,1.49755,2.31,1.47
03.07.2018 00:30:47.938,1.49956,1.49756,1.58,2.43
03.07.2018 00:30:49.589,1.49954,1.49754,1.33,1.34
03.07.2018 00:30:50.942,1.49957,1.49757,1.07,1.97
03.07.2018 00:30:52.245,1.49957,1.49757,1.9,1.91
03.07.2018 00:30:53.617,1.49956,1.49756,1.37,2.05
03.07.2018 00:30:54.973,1.49955,1.49755,2.93,2.56
03.07.2018 00:30:56.444,1.49955,1.49755,1.62,1.34
03.07.2018 00:30:57.637,1.49957,1.49757,2.96,2.43
03.07.2018 00:30:58.955,1.49956,1.49756,1.04,1.12
03.07.2018 00:31:00.307,1.49958,1.49758,1.32,1.36
03.07.2018 00:31:01.715,1.49957,1.49757,2.63,1.16
03.07.2018 00:31:03.060,1.4996,1.4976,1.7,1.93
03.07.2018 00:31:04.452,1.49959,1.49759,1.98,2.93
03.07.2018 00:31:05.878,1.49958,1.49758,2.95,2.37
03.07.2018 00:31:07.335,1.49957,1.49757,1.84,1.19
03.07.2018 00:31:08.585,1.49959,1.49759,2.72,1.47
03.07.2018 00:31:09.920,1.49959,1.49759,1.18,1.36
03.07.2018 00:31:11.476,1.4996,1.4976,2.82,1.04
03.07.2018 00:31:12.805,1.49958,1.49758,2.01,1.08
03.07.2018 00:31:14.128,1.49959,1.49759,2.62,2.47
03.07.2018 00:31:15.600,1.4996,1.4976,2.52,1.03
03.07.2018 00:31:16.970,1.49959,1.49759,1.48,1.04
03.07.2018 00:31:18.417,1.49956,1.49756,2.38,1.84
03.07.2018 00:31:19.877,1.49956,1.49756,1.39,2.35
03.07.2018 00:31:21.316,1.49954,1.49754,2.18,1.66
03.07.2018 00:31:22.692,1.49957,1.49757,2.12,1.59
03.07.2018 00:31:24.192,1.4996,1.4976,2.71,1.03
03.07.2018 00:31:25.634,1.49962,1.49762,2.26,2.75
03.07.2018 00:31:27.264,1.49962,1.49762,2.93,2.45
03.07.2018 00:31:28.657,1.49966,1.49766,2.68,2.8
03.07.2018 00:31:30.043,1.49968,1.49768,1.56,1.87
03.07.2018 00:31:31.433,1.49967,1.49767,1.9,2.62
03.07.2018 00:31:33.000,1.49967,1.49767,2.88,1.38
03.07.2018 00:31:34.254,1.49966,1.49766,2.31,2.58
03.07.2018 00:31:35.559,1.49966,1.49766,1.9,1.29
03.07.2018 00:31:37.092,1.49964,1.49764,1.06,1.02
03.07.2018 00:31:38.487,1.49966,1.49766,1.94,1.52
03.07.2018 00:31:39.815,1.49965,1.49765,1.23,2.34
03.07.2018 00:31:41.102,1.49963,1.49763,2.5,2.01
03.07.2018 00:31:42.576,1.49966,1.49766,1.24,1.34
03.07.2018 00:31:43.996,1.49967,1.49767,2.25,2.91
03.07.2018 00:31:45.309,1.49966,1.49766,2.01,1.96
03.07.2018 00:31:46.704,1.49969,1.49769,2.51,1.84
03.07.2018 00:31:47.922,1.49967,1.49767,1.41,1.09
03.07.2018 00:31:49.380,1.49967,1.49767,2.12,1.87
03.07.2018 00:31:50.550,1.49968,1.49768,2.88,1.68
03.07.2018 00:31:52.049,1.49967,1.49767,2.87,2.51
03.07.2018 00:31:53.411,1.49965,1.49765,2.35,2.58
03.07.2018 00:31:54.786,1.49967,1.49767,2.59,1.94
03.07.2018 00:31:56.379,1.49967,1.49767,1.12,1.86
03.07.2018 00:31:57.718,1.49969,1.49769,2.77,2.96
03.07.2018 00:31:59.307,1.49971,1.49771,1.38,2.64
03.07.2018 00:32:00.688,1.49972,1.49772,1.45,2.88
03.07.2018 00:32:02.006,1.4997,1.4977,2.49,2.05
03.07.2018 00:32:03.301,1.49971,1.49771,1.41,2.19
03.07.2018 00:32:04.721,1.49969,1.49769,1.93,2.17
03.07.2018 00:32:06.152,1.49971,1.49771,2.65,1.37
03.07.2018 00:32:07.628,1.49972,1.49772,1.71,2.5
03.07.2018 00:32:08.996,1.49974,1.49774,2.32,1.19
03.07.2018 00:32:10.274,1.49974,1.49774,1.09,2.69
03.07.2018 00:32:11.747,1.49974,1.49774,2.84,2.76
03.07.2018 00:32:13.037,1.49973,1.49773,2.6,2.25
03.07.2018 00:32:14.379,1.49974,1.49774,1.27,2.85
03.07.2018 00:32:15.812,1.49975,1.49775,1.74,2.65
03.07.2018 00:32:17.131,1.49975,1.49775,2.79,2.9
03.07.2018 00:32:18.732,1.49974,1.49774,2.31,1.28
03.07.2018 00:32:20.002,1.49974,1.49774,2.64,1.78
03.07.2018 00:32:21.440,1.49972,1.49772,2.5,1.31
03.07.2018 00:32:22.797,1.49974,1.49774,2.97,2.18
03.07.2018 00:32:24.353,1.49975,1.49775,1.06,1.45
03.07.2018 00:32:25.506,1.49976,1.49776,2.2,1.43
03.07.2018 00:32:26.891,1.49976,1.49776,1.07,2.62
03.07.2018 00:32:28.179,1.49978,1.49778,1.2,1.69
03.07.2018 00:32:29.643,1.49978,1.49778,2.08,1.31
03.07.2018 00:32:31.022,1.49978,1.49778,1.5,1.72
03.07.2018 00:32:32.443,1.4998,1.4978,1.53,2.32
03.07.2018 00:32:33.785,1.49976,1.49776,1.62,1.3
03.07.2018 00:32:35.360,1.49973,1.49773,2.46,1.42
03.07.2018 00:32:36.690,1.49974,1.49774,1.97,1.23
03.07.2018 00:32:37.964,1.49974,1.49774,1.6,1.77
03.07.2018 00:32:39.510,1.49976,1.49776,1.98,1.9
03.07.2018 00:32:40.962,1.49975,1.49775,2.48,1.03
03.07.2018 00:32:42.397,1.49975,1.49775,2.01,2.11
03.07.2018 00:32:43.805,1.49973,1.49773,1.92,2.08
03.07.2018 00:32:45.321,1.4997,1.4977,1.83,2.25
03.07.2018 00:32:46.711,1.49969,1.49769,1.39,1.63
03.07.2018 00:32:48.000,1.49966,1.49766,1.88,2.63
03.07.2018 00:32:49.444,1.49964,1.49764,2.63,1.87
03.07.2018 00:32:50.744,1.49962,1.49762,2.13,2.78
03.07.2018 00:32:52.079,1.49962,1.49762,1.55,2.99
03.07.2018 00:32:53.429,1.49964,1.49764,2.65,2.81
03.07.2018 00:32:54.637,1.49964,1.49764,2.22,1.76
03.07.2018 00:32:56.139,1.49964,1.49764,2.97,2.35
03.07.2018 00:32:57.491,1.49964,1.49764,1.5,1.32
03.07.2018 00:32:58.783,1.49963,1.49763,1.59,2.36
03.07.2018 00:33:00.045,1.49964,1.49764,2.39,2.29
03.07.2018 00:33:01.427,1.49965,1.49765,1.71,1.1
03.07.2018 00:33:02.831,1.4997,1.4977,1.29,2.26
03.07.2018 00:33:04.135,1.49969,1.49769,1.46,2.6
03.07.2018 00:33:05.562,1.49971,1.49771,2.61,1.37
03.07.2018 00:33:06.966,1.49971,1.49771,2.5,1.77
03.07.2018 00:33:08.162,1.49973,1.49773,1.99,2
03.07.2018 00:33:09.489,1.49972,1.49772,2.43,2.98
03.07.2018 00:33:10.852,1.49974,1.49774,2.85,1.22
03.07.2018 00:33:12.297,1.49972,1.49772,2.94,2.47
03.07.2018 00:33:13.626,1.49973,1.49773,2.25,1.89
03.07.2018 00:33:15.033,1.49971,1.49771,1.49,1.32
03.07.2018 00:33:16.586,1.49974,1.49774,2.47,2.36
03.07.2018 00:33:17.972,1.49973,1.49773,1.54,2.63
03.07.2018 00:33:19.493,1.49973,1.49773,2.46,1
03.07.2018 00:33:20.830,1.49972,1.49772,2.81,1.52
03.07.2018 00:33:22.333,1.49974,1.49774,2.33,2
03.07.2018 00:33:23.780,1.49976,1.49776,2.06,1.65
03.07.2018 00:33:25.316,1.49977,1.49777,1.5,1.18
03.07.2018 00:33:26.817,1.4998,1.4978,1.64,2.69
03.07.2018 00:33:28.298,1.49978,1.49778,1.81,1.8
03.07.2018 00:33:29.624,1.49982,1.49782,2.44,1.74
03.07.2018 00:33:31.125,1.49984,1.49784,1.91,1.28
03.07.2018 00:33:32.625,1.49981,1.49781,1.07,1.01
03.07.2018 00:33:33.913,1.49983,1.49783,2.93,1.43
03.07.2018 00:33:35.419,1.49982,1.49782,2.1,2.39
03.07.2018 00:33:36.646,1.49981,1.49781,2.43,2
03.07.2018 00:33:38.316,1.49982,1.49782,1.56,1.3
03.07.2018 00:33:39.735,1.49981,1.49781,1.32,2.62
03.07.2018 00:33:41.204,1.49983,1.49783,2.84,1.57
03.07.2018 00:33:42.470,1.49983,1.49783,2.21,2.96
03.07.2018 00:33:43.738,1.49984,1.49784,1.47,2.24
03.07.2018 00:33:45.025,1.49985,1.49785,2.49,2.11
03.07.2018 00:33:46.455,1.49987,1.49787,1.73,1.16
03.07.2018 00:33:47.709,1.49985,1.49785,2.49,2.23
03.07.2018 00:33:49.014,1.49987,1.49787,2.05,1.03
03.07.2018 00:33:50.288,1.49987,1.49787,1.22,1.35
03.07.2018 00:33:51.601,1.49987,1.49787,1.79,2.24
03.07.2018 00:33:52.985,1.49989,1.49789,2.91,2.57
03.07.2018 00:33:54.485,1.49991,1.49791,1.08,1.12
03.07.2018 00:33:55.757,1.4999,1.4979,1.04,2.12
03.07.2018 00:33:57.153,1.49991,1.49791,2.1,2.86
03.07.2018 00:33:58.687,1.49991,1.49791,2.14,2.6
03.07.2018 00:34:00.127,1.49991,1.49791,1.02,2.99
03.07.2018 00:34:01.772,1.49989,1.49789,1.57,1.31
03.07.2018 00:34:03.108,1.49988,1.49788,2.93,2.96
03.07.2018 00:34:04.689,1.49986,1.49786,1.84,2.31
03.07.2018 00:34:06.088,1.49985,1.49785,2.85,2.19
03.07.2018 00:34:07.330,1.49986,1.49786,2.86,2.55
03.07.2018 00:34:08.743,1.49985,1.49785,2.51,2.66
03.07.2018 00:34:10.290,1.49986,1.49786,1,1.03
03.07.2018 00:34:11.528,1.4999,1.4979,2.69,2.84
03.07.2018 00:34:12.782,1.49992,1.49792,2.31,2.48
03.07.2018 00:34:14.135,1.49992,1.49792,1.62,2.46
03.07.2018 00:34:15.546,1.49991,1.49791,1.19,2.96
03.07.2018 00:34:16.938,1.49995,1.49795,1.48,1.25
03.07.2018 00:34:18.471,1.49995,1.49795,2.46,1.16
03.07.2018 00:34:20.084,1.49994,1.49794,2.26,1.38
03.07.2018 00:34:21.526,1.49996,1.49796,1.78,1.77
03.07.2018 00:34:22.874,1.49995,1.49795,1.7,2.25
03.07.2018 00:34:24.233,1.49995,1.49795,1.71,1.27
03.07.2018 00:34:25.534,1.49995,1.49795,1.46,1.85
03.07.2018 00:34:27.063,1.49994,1.49794,1.17,1.26
03.07.2018 00:34:28.521,1.49996,1.49796,2.07,2.68
03.07.2018 00:34:29.887,1.49995,1.49795,1.9,2.54
03.07.2018 00:34:31.328,1.49995,1.49795,1.55,2.09
03.07.2018 00:34:33.027,1.49996,1.49796,2.68,2.9
03.07.2018 00:34:34.426,1.49995,1.49795,2.51,1.72
03.07.2018 00:34:35.654,1.49995,1.49795,2.99,2.62
03.07.2018 00:34:37.078,1.49996,1.49796,1.46,2.64
03.07.2018 00:34:38.644,1.49996,1.49796,1.95,2.72
03.07.2018 00:34:40.017,1.49996,1.49796,2.04,1.38
03.07.2018 00:34:41.347,1.49996,1.49796,2.46,2.35
03.07.2018 00:34:42.836,1.49995,1.49795,1.05,2.7
03.07.2018 00:34:44.131,1.49993,1.49793,1.19,1.87
03.07.2018 00:34:45.674,1.49991,1.49791,2.45,2.59
03.07.2018 00:34:47.087,1.49991,1.49791,1.26,2.75
03.07.2018 00:34:48.380,1.4999,1.4979,2.71,1.65
03.07.2018 00:34:49.851,1.49989,1.49789,2.12,2.96
03.07.2018 00:34:51.406,1.49986,1.49786,2.27,2.64
03.07.2018 00:34:52.983,1.49986,1.49786,1.28,1.76
03.07.2018 00:34:54.257,1.49985,1.49785,1.01,2.8
03.07.2018 00:34:55.599,1.49986,1.49786,2.41,2.26
03.07.2018 00:34:57.017,1.49989,1.49789,2.49,2.59
03.07.2018 00:34:58.412,1.49988,1.49788,2.45,1.54
03.07.2018 00:34:59.908,1.49988,1.49788,2.2,1.09
03.07.2018 00:35:01.310,1.49987,1.49787,1.29,1.83
03.07.2018 00:35:02.882,1.49989,1.49789,2.57,1.63
03.07.2018 00:35:04.321,1.49987,1.49787,1.67,1.97
03.07.2018 00:35:05.865,1.49985,1.49785,2.08,2.83
03.07.2018 00:35:07.156,1.49987,1.49787,2.33,2.33
03.07.2018 00:35:08.527,1.49988,1.49788,2.91,2.89
03.07.2018 00:35:09.816,1.49988,1.49788,1.05,2.97
03.07.2018 00:35:11.265,1.49989,1.49789,2.76,2.22
03.07.2018 00:35:12.677,1.49987,1.49787,1.41,2.82
03.07.2018 00:35:14.092,1.4999,1.4979,2.86,1.97
03.07.2018 00:35:15.307,1.49992,1.49792,1.44,2.33
03.07.2018 00:35:16.768,1.49991,1.49791,1.42,2.12
03.07.2018 00:35:18.230,1.49993,1.49793,1.6,2
03.07.2018 00:35:19.736,1.49991,1.49791,1.22,1.84
03.07.2018 00:35:21.382,1.49987,1.49787,1.85,2.81
03.07.2018 00:35:22.790,1.49989,1.49789,2.08,1.23
03.07.2018 00:35:24.298,1.49989,1.49789,2.33,1.32
03.07.2018 00:35:25.934,1.49984,1.49784,1.72,2.7
03.07.2018 00:35:27.451,1.4998,1.4978,2.1,2.33
03.07.2018 00:35:28.657,1.49982,1.49782,2.99,2.06
03.07.2018 00:35:29.816,1.4998,1.4978,1.71,2.66
03.07.2018 00:35:31.263,1.49977,1.49777,1.56,1.2
03.07.2018 00:35:32.729,1.49977,1.49777,2.64,2.19
03.07.2018 00:35:34.144,1.49978,1.49778,1.89,1.21
03.07.2018 00:35:35.551,1.49979,1.49779,2.53,1.95
03.07.2018 00:35:36.869,1.49978,1.49778,1.26,2.85
03.07.2018 00:35:38.234,1.4998,1.4978,1.48,2.63
03.07.2018 00:35:39.631,1.49979,1.49779,2.44,1.41
03.07.2018 00:35:41.117,1.49977,1.49777,1.59,2.64
03.07.2018 00:35:42.177,1.49978,1.49778,2.03,2.77
03.07.2018 00:35:43.480,1.49977,1.49777,1.1,1.07
03.07.2018 00:35:44.846,1.49978,1.49778,1.25,2.82
03.07.2018 00:35:46.330,1.49976,1.49776,1.73,1.6
03.07.2018 00:35:47.771,1.49977,1.49777,2.68,1.63
03.07.2018 00:35:49.059,1.49975,1.49775,1.78,2.29
03.07.2018 00:35:50.522,1.49975,1.49775,1.98,2.9
03.07.2018 00:35:51.967,1.49976,1.49776,1.08,2.92
03.07.2018 00:35:53.276,1.49977,1.49777,2.75,1.66
03.07.2018 00:35:54.588,1.49975,1.49775,2.78,1.87
03.07.2018 00:35:55.970,1.49974,1.49774,1.6,1.16
03.07.2018 00:35:57.504,1.49972,1.49772,1.57,1.3
03.07.2018 00:35:58.973,1.49973,1.49773,2.02,2.91
03.07.2018 00:36:00.212,1.49972,1.49772,1.44,1.75
03.07.2018 00:36:01.764,1.49971,1.49771,1.23,2.77
03.07.2018 00:36:03.344,1.49969,1.49769,2.69,2.61
03.07.2018 00:36:04.628,1.49973,1.49773,1.86,1.72
03.07.2018 00:36:06.069,1.4997,1.4977,2.54,2.27
03.07.2018 00:36:07.452,1.49971,1.49771,1.03,2.36
03.07.2018 00:36:08.992,1.49972,1.49772,1.71,1.35
03.07.2018 00:36:10.236,1.49972,1.49772,1.52,2.64
03.07.2018 00:36:11.654,1.49972,1.49772,1.95,2.84
03.07.2018 00:36:13.056,1.4997,1.4977,2.47,2.45
03.07.2018 00:36:14.498,1.49973,1.49773,1.11,2.02
03.07.2018 00:36:15.785,1.49971,1.49771,2.43,2.75
03.07.2018 00:36:16.989,1.4997,1.4977,2.75,1.66
03.07.2018 00:36:18.326,1.49969,1.49769,2.77,2.49
03.07.2018 00:36:19.632,1.49965,1.49765,1.56,2.89
03.07.2018 00:36:21.011,1.49967,1.49767,2.03,1.09
03.07.2018 00:36:22.288,1.49968,1.49768,1.88,2.61
03.07.2018 00:36:23.531,1.49968,1.49768,2.73,1.91
03.07.2018 00:36:24.919,1.49968,1.49768,2.35,2.65
03.07.2018 00:36:26.172,1.49969,1.49769,2.44,1.69
03.07.2018 00:36:27.667,1.4997,1.4977,2.41,1.44
03.07.2018 00:36:29.075,1.49969,1.49769,2.53,2.93
03.07.2018 00:36:30.458,1.49967,1.49767,2.56,2.5
03.07.2018 00:36:31.690,1.49968,1.49768,2.39,1.54
03.07.2018 00:36:33.192,1.49971,1.49771,1.82,1.82
03.07.2018 00:36:34.426,1.49969,1.49769,2.54,1.82
03.07.2018 00:36:35.663,1.4997,1.4977,1.69,2.18
03.07.2018 00:36:37.111,1.49968,1.49768,2.47,1.31
03.07.2018 00:36:38.627,1.49967,1.49767,2.82,1.24
03.07.2018 00:36:39.889,1.49967,1.49767,2.24,2.46
03.07.2018 00:36:41.444,1.49968,1.49768,1.66,1.21
03.07.2018 00:36:42.772,1.4997,1.4977,2.87,1.26
03.07.2018 00:36:44.141,1.49968,1.49768,1.91,1.16
03.07.2018 00:36:45.557,1.49968,1.49768,2.39,2.63
03.07.2018 00:36:46.959,1.49966,1.49766,2.83,1.22
03.07.2018 00:36:48.401,1.49967,1.49767,2.47,1.1
03.07.2018 00:36:49.904,1.49964,1.49764,1.36,1.8
03.07.2018 00:36:51.393,1.49965,1.49765,2.37,1.78
03.07.2018 00:36:52.853,1.49963,1.49763,1.91,2.86
03.07.2018 00:36:54.200,1.49963,1.49763,1.47,1.84
03.07.2018 00:36:55.470,1.49963,1.49763,1.06,1.27
03.07.2018 00:36:56.973,1.49967,1.49767,2.12,2.99
03.07.2018 00:36:58.313,1.49968,1.49768,2.19,1.89
03.07.2018 00:36:59.782,1.49966,1.49766,1.31,2.6
03.07.2018 00:37:01.081,1.49966,1.49766,2.03,2.07
03.07.2018 00:37:02.483,1.49969,1.49769,2.37,2.51
03.07.2018 00:37:03.922,1.4997,1.4977,1.52,1.06
03.07.2018 00:37:05.403,1.49968,1.49768,1.46,2.15
03.07.2018 00:37:06.821,1.49971,1.49771,2.96,1.03
03.07.2018 00:37:08.183,1.4997,1.4977,2.77,2.35
03.07.2018 00:37:09.650,1.49973,1.49773,1.29,1.16
03.07.2018 00:37:11.180,1.49969,1.49769,1.87,1.07
03.07.2018 00:37:12.577,1.49967,1.49767,2.03,2.33
03.07.2018 00:37:13.974,1.49969,1.49769,1.74,1.97
03.07.2018 00:37:15.435,1.49971,1.49771,1.15,1.92
03.07.2018 00:37:16.644,1.49969,1.49769,2.28,1.52
03.07.2018 00:37:17.966,1.49968,1.49768,1.77,2.92
03.07.2018 00:37:19.361,1.49966,1.49766,2.38,2.77
03.07.2018 00:37:20.698,1.49968,1.49768,2.37,1.97
03.07.2018 00:37:22.123,1.49972,1.49772,1.29,1.33
03.07.2018 00:37:23.614,1.49975,1.49775,2.26,2.58
03.07.2018 00:37:24.988,1.49976,1.49776,2.18,2.95
03.07.2018 00:37:26.265,1.49977,1.49777,1.68,2.93
03.07.2018 00:37:27.688,1.49977,1.49777,1.5,1.42
03.07.2018 00:37:28.946,1.49978,1.49778,1.56,2
03.07.2018 00:37:30.352,1.49977,1.49777,1.71,1.14
03.07.2018 00:37:31.897,1.49978,1.49778,1.87,2.91
03.07.2018 00:37:33.308,1.49978,1.49778,2.03,2.34
03.07.2018 00:37:34.589,1.49977,1.49777,1.89,2.76
03.07.2018 00:37:35.796,1.49979,1.49779,2.9,2.18
03.07.2018 00:37:37.100,1.49979,1.49779,2.65,2.86
03.07.2018 00:37:38.361,1.49978,1.49778,1.25,2.48
03.07.2018 00:37:39.634,1.49976,1.49776,1.46,2.25
03.07.2018 00:37:40.945,1.49976,1.49776,1.33,1.11
03.07.2018 00:37:42.254,1.49976,1.49776,1.27,1.69
03.07.2018 00:37:43.733,1.49978,1.49778,2.55,1.97
03.07.2018 00:37:45.012,1.49977,1.49777,1.4,1.94
03.07.2018 00:37:46.361,1.49977,1.49777,2.66,2.58
03.07.2018 00:37:47.730,1.49976,1.49776,1.69,2.79
03.07.2018 00:37:49.190,1.49974,1.49774,2.71,1.5
03.07.2018 00:37:50.863,1.49976,1.49776,2.11,1.95
03.07.2018 00:37:52.208,1.49975,1.49775,2.17,1.11
03.07.2018 00:37:53.574,1.49975,1.49775,2.79,2.4
03.07.2018 00:37:55.075,1.49974,1.49774,1.45,2.99
03.07.2018 00:37:56.449,1.49974,1.49774,2.24,1.39
03.07.2018 00:37:57.855,1.49975,1.49775,1.55,2.9
03.07.2018 00:37:59.364,1.49975,1.49775,2.44,2.14
03.07.2018 00:38:00.838,1.49973,1.49773,1.89,2.95
03.07.2018 00:38:02.168,1.49972,1.49772,1.57,1.08
03.07.2018 00:38:03.530,1.49971,1.49771,1.03,2.99
03.07.2018 00:38:04.887,1.49972,1.49772,2.54,2.23
03.07.2018 00:38:06.286,1.49973,1.49773,2.99,2.03
03.07.2018 00:38:07.713,1.49972,1.49772,2.84,1.62
03.07.2018 00:38:09.062,1.49971,1.49771,1.93,1.63
03.07.2018 00:38:10.481,1.49973,1.49773,2.62,2.91
03.07.2018 00:38:11.806,1.49973,1.49773,2.46,3
03.07.2018 00:38:13.360,1.49972,1.49772,2.26,2.21
03.07.2018 00:38:14.844,1.49971,1.49771,1.35,1.07
03.07.2018 00:38:16.183,1.4997,1.4977,1.97,2.09
03.07.2018 00:38:17.597,1.49972,1.49772,2.09,2.25
03.07.2018 00:38:18.999,1.49973,1.49773,1.48,1.43
03.07.2018 00:38:20.289,1.49973,1.49773,1.61,1.24
03.07.2018 00:38:21.795,1.49974,1.49774,1.94,1.78
03.07.2018 00:38:23.066,1.49973,1.49773,1.17,2.15
03.07.2018 00:38:24.516,1.49975,1.49775,1.07,2.1
03.07.2018 00:38:25.840,1.49974,1.49774,1.31,2.55
03.07.2018 00:38:27.058,1.49975,1.49775,2.09,1.34
03.07.2018 00:38:28.340,1.49976,1.49776,1.65,2.19
03.07.2018 00:38:29.839,1.49974,1.49774,2.94,2.47
03.07.2018 00:38:31.024,1.49975,1.49775,2.9,2.48
03.07.2018 00:38:32.431,1.49977,1.49777,1.47,1.91
03.07.2018 00:38:33.969,1.49978,1.49778,2.62,1.91
03.07.2018 00:38:35.233,1.49978,1.49778,2.13,1.91
03.07.2018 00:38:36.500,1.49978,1.49778,2.71,2.91
03.07.2018 00:38:37.893,1.49978,1.49778,1.59,1.76
03.07.2018 00:38:39.322,1.49981,1.49781,2.94,2.81
03.07.2018 00:38:40.683,1.49983,1.49783,2.19,2.27
03.07.2018 00:38:42.131,1.49984,1.49784,2.51,2.36
03.07.2018 00:38:43.465,1.49985,1.49785,2.63,2.25
03.07.2018 00:38:44.963,1.49986,1.49786,1.6,1.85
03.07.2018 00:38:46.364,1.49986,1.49786,2,1.52
03.07.2018 00:38:47.847,1.49984,1.49784,2.48,2.09
03.07.2018 00:38:49.445,1.49989,1.49789,2.28,1.74
03.07.2018 00:38:50.874,1.4999,1.4979,2.65,1.26
03.07.2018 00:38:52.367,1.49991,1.49791,2.83,1.48
03.07.2018 00:38:53.753,1.49991,1.49791,1.66,2.97
03.07.2018 00:38:55.140,1.4999,1.4979,1.81,1.5
03.07.2018 00:38:56.525,1.4999,1.4979,1.9,2.94
03.07.2018 00:38:57.904,1.4999,1.4979,1.27,2.6
03.07.2018 00:38:59.396,1.49992,1.49792,1.81,1.58
03.07.2018 00:39:00.911,1.4999,1.4979,2.55,1.52
03.07.2018 00:39:02.256,1.49988,1.49788,2.19,2.81
03.07.2018 00:39:03.532,1.49988,1.49788,2.24,2.19
03.07.2018 00:39:04.920,1.49988,1.49788,1.85,2.85
03.07.2018 00:39:06.417,1.49988,1.49788,1.89,1.64
03.07.2018 00:39:07.798,1.49987,1.49787,1.26,2.56
03.07.2018 00:39:09.154,1.49992,1.49792,2.82,2.69
03.07.2018 00:39:10.458,1.49991,1.49791,2.86,1.36
03.07.2018 00:39:12.075,1.49992,1.49792,2.24,1.41
03.07.2018 00:39:13.318,1.49991,1.49791,1.2,1.04
03.07.2018 00:39:14.777,1.49992,1.49792,2.67,1.86
03.07.2018 00:39:16.094,1.49991,1.49791,1.39,1.88
03.07.2018 00:39:17.347,1.4999,1.4979,1.55,2.97
03.07.2018 00:39:18.865,1.49988,1.49788,1.7,1.1
03.07.2018 00:39:20.280,1.49989,1.49789,1.45,1.43
03.07.2018 00:39:21.724,1.49991,1.49791,2.15,2.71
03.07.2018 00:39:23.154,1.49987,1.49787,1.95,1.37
03.07.2018 00:39:24.639,1.49988,1.49788,2.91,1.56
03.07.2018 00:39:26.160,1.49987,1.49787,1.94,1.24
03.07.2018 00:39:27.567,1.49987,1.49787,1.08,1.94
03.07.2018 00:39:28.868,1.49987,1.49787,1.72,2.15
03.07.2018 00:39:30.160,1.49989,1.49789,1.75,2.37
03.07.2018 00:39:31.495,1.4999,1.4979,2.99,2.66
03.07.2018 00:39:32.875,1.49989,1.49789,2.16,2
03.07.2018 00:39:34.158,1.49989,1.49789,2.11,1.75
03.07.2018 00:39:35.433,1.49986,1.49786,2.58,1.05
03.07.2018 00:39:36.649,1.49987,1.49787,1.12,1.09
03.07.2018 00:39:38.078,1.49989,1.49789,1.67,2.34
03.07.2018 00:39:39.412,1.49987,1.49787,1.06,1.11
03.07.2018 00:39:40.759,1.49985,1.49785,2.75,1.13
03.07.2018 00:39:42.199,1.49987,1.49787,2.73,2.01
03.07.2018 00:39:43.562,1.49985,1.49785,2.47,1.29
03.07.2018 00:39:44.922,1.49984,1.49784,1.9,2.34
03.07.2018 00:39:46.360,1.49985,1.49785,2.97,1.46
03.07.2018 00:39:47.710,1.49984,1.49784,1.23,1.86
03.07.2018 00:39:49.129,1.49985,1.49785,2.45,2.78
03.07.2018 00:39:50.658,1.49983,1.49783,1.83,1.68
03.07.2018 00:39:52.053,1.49983,1.49783,1.07,2.58
03.07.2018 00:39:53.457,1.49984,1.49784,2.69,1.76
03.07.2018 00:39:54.936,1.49985,1.49785,2.66,2.99
03.07.2018 00:39:56.446,1.49987,1.49787,1.7,2.27
03.07.2018 00:39:57.766,1.49985,1.49785,1.9,2.61
03.07.2018 00:39:59.145,1.49985,1.49785,2.28,2.55
03.07.2018 00:40:00.446,1.49984,1.49784,1.8,1.92
03.07.2018 00:40:01.648,1.49984,1.49784,1.65,2.12
03.07.2018 00:40:02.977,1.49982,1.49782,2.16,1.57
03.07.2018 00:40:04.347,1.49981,1.49781,2.19,1.47
03.07.2018 00:40:05.767,1.49984,1.49784,2.54,1.47
03.07.2018 00:40:07.086,1.49985,1.49785,1.25,1.76
03.07.2018 00:40:08.306,1.49985,1.49785,1.27,2.9
03.07.2018 00:40:09.649,1.49984,1.49784,1.89,2.41
03.07.2018 00:40:11.031,1.49983,1.49783,2.64,1.92
03.07.2018 00:40:12.571,1.49982,1.49782,2.61,2.1
03.07.2018 00:40:14.046,1.49982,1.49782,1.51,2.24
03.07.2018 00:40:15.526,1.49982,1.49782,2.7,2.29
03.07.2018 00:40:16.915,1.4998,1.4978,1.38,2.57
03.07.2018 00:40:18.443,1.49981,1.49781,1.52,1.54
03.07.2018 00:40:19.672,1.4998,1.4978,2.91,1.23
03.07.2018 00:40:21.108,1.49981,1.49781,2.46,1.64
03.07.2018 00:40:22.693,1.49982,1.49782,1.49,1.46
03.07.2018 00:40:24.104,1.49985,1.49785,2.19,2.39
03.07.2018 00:40:25.528,1.49984,1.49784,1.97,1.35
03.07.2018 00:40:27.048,1.49985,1.49785,2.52,1.66
03.07.2018 00:40:28.556,1.49983,1.49783,1.99,1.83
03.07.2018 00:40:30.196,1.49982,1.49782,1.91,2.82
03.07.2018 00:40:31.502,1.49982,1.49782,2.68,1.44
03.07.2018 00:40:32.840,1.49981,1.49781,2.55,2.43
03.07.2018 00:40:34.264,1.49978,1.49778,2.04,2.93
03.07.2018 00:40:35.726,1.49975,1.49775,2.61,2.64
03.07.2018 00:40:37.160,1.49976,1.49776,1.99,1.63
03.07.2018 00:40:38.679,1.49975,1.49775,1.74,2.69
03.07.2018 00:40:40.000,1.49976,1.49776,2.97,2.69
03.07.2018 00:40:41.411,1.49977,1.49777,2.25,2.33
03.07.2018 00:40:42.765,1.49977,1.49777,1.65,2.15
03.07.2018 00:40:44.145,1.49979,1.49779,1.06,1.27
03.07.2018 00:40:45.544,1.4998,1.4978,2.23,2.68
03.07.2018 00:40:46.831,1.49982,1.49782,2.63,2.14
03.07.2018 00:40:48.201,1.49982,1.49782,1.45,1.42
03.07.2018 00:40:49.476,1.49983,1.49783,1.02,2.4
03.07.2018 00:40:50.914,1.49981,1.49781,1.8,2.39
03.07.2018 00:40:52.308,1.49982,1.49782,2.25,1.63
03.07.2018 00:40:53.577,1.49983,1.49783,1.83,1.11
03.07.2018 00:40:54.906,1.49982,1.49782,1.97,1.03
03.07.2018 00:40:56.334,1.49981,1.49781,2.64,2.3
03.07.2018 00:40:57.780,1.49981,1.49781,1.42,1.7
03.07.2018 00:40:59.124,1.4998,1.4978,2.49,1.38
03.07.2018 00:41:00.607,1.4998,1.4978,2.21,1
03.07.2018 00:41:02.037,1.49985,1.49785,2.06,2.74
03.07.2018 00:41:03.058,1.49985,1.49785,2.75,1.16
03.07.2018 00:41:04.531,1.49985,1.49785,1.81,2.88
03.07.2018 00:41:06.020,1.49985,1.49785,1.64,1.77
03.07.2018 00:41:07.519,1.49986,1.49786,2.81,2.82
03.07.2018 00:41:08.971,1.49984,1.49784,2.17,2.11
03.07.2018 00:41:10.409,1.49984,1.49784,2.65,2.24
03.07.2018 00:41:11.747,1.49981,1.49781,1.68,2.32
03.07.2018 00:41:13.119,1.49982,1.49782,1.03,2.86
03.07.2018 00:41:14.550,1.49986,1.49786,1.37,1.81
03.07.2018 00:41:16.023,1.49986,1.49786,1.65,1.06
03.07.2018 00:41:17.398,1.49984,1.49784,1.43,1.82
03.07.2018 00:41:18.788,1.49984,1.49784,2.99,2.14
03.07.2018 00:41:20.099,1.49983,1.49783,2.61,2.11
03.07.2018 00:41:21.581,1.49986,1.49786,1.95,2.16
03.07.2018 00:41:22.957,1.49983,1.49783,1.38,2.61
03.07.2018 00:41:24.312,1.49984,1.49784,2.4,1.92
03.07.2018 00:41:25.749,1.49983,1.49783,2.14,1.72
03.07.2018 00:41:27.141,1.49983,1.49783,2.29,2.27
03.07.2018 00:41:28.586,1.49983,1.49783,1.17,1.89
03.07.2018 00:41:30.030,1.49981,1.49781,1.48,2
03.07.2018 00:41:31.444,1.4998,1.4978,1.98,1.5
03.07.2018 00:41:32.862,1.4998,1.4978,1.91,2.54
03.07.2018 00:41:34.291,1.49981,1.49781,1.22,1.7
03.07.2018 00:41:35.677,1.4998,1.4978,1.06,2.24
03.07.2018 00:41:37.125,1.49975,1.49775,1.63,2.44
03.07.2018 00:41:38.535,1.49976,1.49776,2.14,2.45
03.07.2018 00:41:39.903,1.49977,1.49777,2.97,1.11
03.07.2018 00:41:41.312,1.49976,1.49776,1.57,1.23
03.07.2018 00:41:42.838,1.49978,1.49778,1.43,1.63
03.07.2018 00:41:44.350,1.49978,1.49778,1.67,1.96
03.07.2018 00:41:45.724,1.49978,1.49778,1.75,1.56
03.07.2018 00:41:47.255,1.49979,1.49779,2.14,2.33
03.07.2018 00:41:48.590,1.49979,1.49779,2.39,2.54
03.07.2018 00:41:49.966,1.4998,1.4978,1.58,2.87
03.07.2018 00:41:51.644,1.49982,1.49782,1.37,2.71
03.07.2018 00:41:53.018,1.49983,1.49783,2.03,1.9
03.07.2018 00:41:54.387,1.49982,1.49782,1.31,1.19
03.07.2018 00:41:55.902,1.49982,1.49782,1.38,1.98
03.07.2018 00:41:57.059,1.49982,1.49782,1.19,1.76
03.07.2018 00:41:58.406,1.49981,1.49781,1.1,2.73
03.07.2018 00:41:59.801,1.49982,1.49782,1.48,2.55
03.07.2018 00:42:01.229,1.49981,1.49781,2.3,1.08
03.07.2018 00:42:02.631,1.49979,1.49779,1.81,2.79
03.07.2018 00:42:04.163,1.49981,1.49781,2.43,2.6
03.07.2018 00:42:05.632,1.4998,1.4978,2.68,1.78
03.07.2018 00:42:06.966,1.49981,1.49781,1.27,2.22
03.07.2018 00:42:08.307,1.4998,1.4978,1.97,1.62
03.07.2018 00:42:09.703,1.49976,1.49776,2.77,2.86
03.07.2018 00:42:11.042,1.49976,1.49776,1.91,1.67
03.07.2018 00:42:12.414,1.49975,1.49775,1.28,2.67
03.07.2018 00:42:13.869,1.49975,1.49775,2.62,2.32
03.07.2018 00:42:15.370,1.49974,1.49774,2.04,1.37
03.07.2018 00:42:16.733,1.49975,1.49775,1.03,1.83
03.07.2018 00:42:18.167,1.49974,1.49774,2.71,2.9
03.07.2018 00:42:19.493,1.49977,1.49777,2.15,1.98
03.07.2018 00:42:20.955,1.49977,1.49777,2.53,1.11
03.07.2018 00:42:22.165,1.49979,1.49779,2.86,1.97
03.07.2018 00:42:23.589,1.49979,1.49779,1.04,2.91
03.07.2018 00:42:25.161,1.49977,1.49777,1.27,2.19
03.07.2018 00:42:26.384,1.49976,1.49776,1.1,1.11
03.07.2018 00:42:27.720,1.49975,1.49775,2.33,1.3
03.07.2018 00:42:29.053,1.49975,1.49775,2.89,1.7
03.07.2018 00:42:30.404,1.49976,1.49776,1.3,1.38
03.07.2018 00:42:31.852,1.49976,1.49776,2.01,2.91
03.07.2018 00:42:33.031,1.49975,1.49775,1.29,1.4
03.07.2018 00:42:34.475,1.49976,1.49776,2.12,1.4
03.07.2018 00:42:35.972,1.49975,1.49775,2.16,2.23
03.07.2018 00:42:37.289,1.49972,1.49772,2.56,2.02
03.07.2018 00:42:38.695,1.49971,1.49771,1.36,2.42
03.07.2018 00:42:40.047,1.49974,1.49774,1.21,2.37
03.07.2018 00:42:41.389,1.49974,1.49774,1.88,1.65
03.07.2018 00:42:42.692,1.49973,1.49773,1.04,2.53
03.07.2018 00:42:44.095,1.49972,1.49772,1.58,2.04
03.07.2018 00:42:45.536,1.49973,1.49773,2,1.3
03.07.2018 00:42:47.045,1.49975,1.49775,1.49,1.29
03.07.2018 00:42:48.402,1.49977,1.49777,2.74,1.22
03.07.2018 00:42:49.896,1.4998,1.4978,2.02,2.87
03.07.2018 00:42:51.361,1.49976,1.49776,1.92,2.47
03.07.2018 00:42:52.751,1.49976,1.49776,2.02,1.83
03.07.2018 00:42:54.169,1.49975,1.49775,1.6,1.72
03.07.2018 00:42:55.488,1.49974,1.49774,1.83,1.71
03.07.2018 00:42:56.931,1.49976,1.49776,1.82,2.73
03.07.2018 00:42:58.178,1.49974,1.49774,1.19,2.82
03.07.2018 00:42:59.557,1.49974,1.49774,2.29,2.99
03.07.2018 00:43:00.761,1.49974,1.49774,2.06,1.58
03.07.2018 00:43:02.110,1.49971,1.49771,2.86,2.74
03.07.2018 00:43:03.599,1.49973,1.49773,1.13,1.28
03.07.2018 00:43:04.979,1.49972,1.49772,1.23,2.48
03.07.2018 00:43:06.249,1.49975,1.49775,1.25,1.9
03.07.2018 00:43:07.629,1.49974,1.49774,2.38,1.28
03.07.2018 00:43:09.096,1.49976,1.49776,1.79,1.28
03.07.2018 00:43:10.487,1.49981,1.49781,1.64,1.87
03.07.2018 00:43:11.848,1.49982,1.49782,1.27,2.3
03.07.2018 00:43:13.251,1.49983,1.49783,1.11,1.56
03.07.2018 00:43:14.831,1.49984,1.49784,2.34,2.5
03.07.2018 00:43:16.122,1.49984,1.49784,1.7,2.13
03.07.2018 00:43:17.508,1.49986,1.49786,1.78,2.46
03.07.2018 00:43:18.845,1.49985,1.49785,2.02,2.61
03.07.2018 00:43:20.170,1.49986,1.49786,1.53,1.94
03.07.2018 00:43:21.378,1.49984,1.49784,1.1,2.25
03.07.2018 00:43:22.769,1.49985,1.49785,1.79,1.07
03.07.2018 00:43:24.052,1.49983,1.49783,1.32,2.35
03.07.2018 00:43:25.629,1.49985,1.49785,2.19,1.18
03.07.2018 00:43:27.075,1.49986,1.49786,1.35,1.13
03.07.2018 00:43:28.494,1.49984,1.49784,2.99,1.83
03.07.2018 00:43:29.816,1.49981,1.49781,1.93,2.56
03.07.2018 00:43:31.343,1.49982,1.49782,2.32,2.49
03.07.2018 00:43:32.878,1.49983,1.49783,1.18,1.12
03.07.2018 00:43:34.379,1.49984,1.49784,2.24,1.4
03.07.2018 00:43:35.803,1.49983,1.49783,2.78,2.16
03.07.2018 00:43:37.209,1.49981,1.49781,2.14,2.09
03.07.2018 00:43:38.699,1.49985,1.49785,1.86,1.7
03.07.2018 00:43:40.117,1.49985,1.49785,1.38,1.76
03.07.2018 00:43:41.627,1.49982,1.49782,2.98,2.34
03.07.2018 00:43:43.097,1.49982,1.49782,1.86,1.18
03.07.2018 00:43:44.717,1.49986,1.49786,1.76,1.89
03.07.2018 00:43:46.250,1.49985,1.49785,1.18,1.45
03.07.2018 00:43:47.549,1.49986,1.49786,2.04,1.06
03.07.2018 00:43:48.911,1.49986,1.49786,2.47,1.31
03.07.2018 00:43:50.343,1.49985,1.49785,1.15,1.93
03.07.2018 00:43:51.654,1.49985,1.49785,2.01,2.05
03.07.2018 00:43:53.112,1.49984,1.49784,1.44,1.44
03.07.2018 00:43:54.477,1.49984,1.49784,2.28,2.67
03.07.2018 00:43:56.068,1.49982,1.49782,1.19,1.12
03.07.2018 00:43:57.492,1.49982,1.49782,1.22,1.75
03.07.2018 00:43:58.905,1.49984,1.49784,2.75,1.2
03.07.2018 00:44:00.124,1.49983,1.49783,1.35,2.17
03.07.2018 00:44:01.275,1.49984,1.49784,2.64,1.25
03.07.2018 00:44:02.751,1.49986,1.49786,2.13,1.55
03.07.2018 00:44:04.162,1.49986,1.49786,1.39,2.96
03.07.2018 00:44:05.426,1.49986,1.49786,1.24,1.65
03.07.2018 00:44:06.784,1.49986,1.49786,1.12,2.16
03.07.2018 00:44:08.090,1.49984,1.49784,2.17,1.39
03.07.2018 00:44:09.489,1.49985,1.49785,2.9,2.73
03.07.2018 00:44:10.715,1.49982,1.49782,1.03,2.97
03.07.2018 00:44:12.164,1.49986,1.49786,2.96,2.08
03.07.2018 00:44:13.767,1.49985,1.49785,2.23,1.35
03.07.2018 00:44:15.134,1.49986,1.49786,2.6,2.4
03.07.2018 00:44:16.605,1.49985,1.49785,2.51,2.72
03.07.2018 00:44:17.935,1.49987,1.49787,1.87,1.58
03.07.2018 00:44:19.396,1.49981,1.49781,1.11,1.9
03.07.2018 00:44:20.787,1.49979,1.49779,2.11,2.08
03.07.2018 00:44:22.291,1.4998,1.4978,1.5,2.97
03.07.2018 00:44:23.721,1.49979,1.49779,2.54,2.38
03.07.2018 00:44:25.082,1.4998,1.4978,1.91,2.45
03.07.2018 00:44:26.499,1.49982,1.49782,2.1,1.54
03.07.2018 00:44:27.917,1.49983,1.49783,2.67,2.13
03.07.2018 00:44:29.279,1.49981,1.49781,1.35,1.01
03.07.2018 00:44:30.744,1.4998,1.4978,2.73,2.96
03.07.2018 00:44:32.213,1.4998,1.4978,2.83,1.4
03.07.2018 00:44:33.630,1.49981,1.49781,1.3,2.49
03.07.2018 00:44:35.097,1.4998,1.4978,2.53,2.76
03.07.2018 00:44:36.494,1.49983,1.49783,2.76,1.17
03.07.2018 00:44:37.980,1.49986,1.49786,1.79,2.87
03.07.2018 00:44:39.487,1.49987,1.49787,1.32,2.91
03.07.2018 00:44:40.862,1.49986,1.49786,1.88,2.3
03.07.2018 00:44:42.389,1.49985,1.49785,1.91,1.26
03.07.2018 00:44:43.812,1.49986,1.49786,2.4,1.63
03.07.2018 00:44:45.206,1.49986,1.49786,1.96,1.17
03.07.2018 00:44:46.541,1.49986,1.49786,1.74,1.01
03.07.2018 00:44:48.041,1.49987,1.49787,2.43,2.26
03.07.2018 00:44:49.370,1.49986,1.49786,2.84,1.48
03.07.2018 00:44:50.660,1.49986,1.49786,2.89,2.98
03.07.2018 00:44:51.915,1.49988,1.49788,2.89,1.91
03.07.2018 00:44:53.277,1.49989,1.49789,1.34,2.85
03.07.2018 00:44:54.686,1.4999,1.4979,2.15,2.13
03.07.2018 00:44:56.023,1.49991,1.49791,2.84,1.16
03.07.2018 00:44:57.426,1.49991,1.49791,2.61,2.6
03.07.2018 00:44:58.719,1.49992,1.49792,1.01,1.52
03.07.2018 00:45:00.020,1.4999,1.4979,1.53,2.51
03.07.2018 00:45:01.491,1.49991,1.49791,2.86,1.98
03.07.2018 00:45:02.811,1.49991,1.49791,1.38,2.46
03.07.2018 00:45:04.166,1.49989,1.49789,2.78,1.65
03.07.2018 00:45:05.519,1.4999,1.4979,2.34,1.72
03.07.2018 00:45:07.157,1.49989,1.49789,1.32,2.62
03.07.2018 00:45:08.702,1.49991,1.49791,1.69,1.61
03.07.2018 00:45:09.950,1.49992,1.49792,2.22,1.05
03.07.2018 00:45:11.339,1.4999,1.4979,1.95,2.22
03.07.2018 00:45:12.803,1.49988,1.49788,1.9,2.12
03.07.2018 00:45:14.180,1.49989,1.49789,2.2,1.66
03.07.2018 00:45:15.470,1.4999,1.4979,1.72,1.88
03.07.2018 00:45:16.636,1.49992,1.49792,2.62,2.09
03.07.2018 00:45:17.930,1.49995,1.49795,2.7,1.7
03.07.2018 00:45:19.372,1.49994,1.49794,2.56,1.57
03.07.2018 00:45:20.727,1.49994,1.49794,2.12,1.47
03.07.2018 00:45:22.129,1.49996,1.49796,2.07,2.63
03.07.2018 00:45:23.625,1.49994,1.49794,2.31,1.56
03.07.2018 00:45:25.094,1.49993,1.49793,1.6,1.52
03.07.2018 00:45:26.552,1.49992,1.49792,1.47,2.32
03.07.2018 00:45:27.974,1.49991,1.49791,2.94,2.93
03.07.2018 00:45:29.341,1.49992,1.49792,1.85,1.28
03.07.2018 00:45:30.804,1.49992,1.49792,1.03,1.2
03.07.2018 00:45:32.139,1.49993,1.49793,2.92,1.59
03.07.2018 00:45:33.547,1.49992,1.49792,2.01,2.55
03.07.2018 00:45:34.859,1.49993,1.49793,2.13,2.02
03.07.2018 00:45:36.163,1.49993,1.49793,1.7,2.94
03.07.2018 00:45:37.695,1.49994,1.49794,2.17,2.5
03.07.2018 00:45:39.095,1.49996,1.49796,2.08,2.45
03.07.2018 00:45:40.663,1.49996,1.49796,1.41,1.84
03.07.2018 00:45:42.080,1.49997,1.49797,1.48,2.47
03.07.2018 00:45:43.422,1.49997,1.49797,1.79,1.45
03.07.2018 00:45:44.737,1.49995,1.49795,2.43,1.76
03.07.2018 00:45:46.115,1.49996,1.49796,2.51,1.82
03.07.2018 00:45:47.543,1.49996,1.49796,1.27,2.43
03.07.2018 00:45:48.894,1.49997,1.49797,2.34,1.92
03.07.2018 00:45:50.352,1.49996,1.49796,2.48,2.55
03.07.2018 00:45:51.602,1.49994,1.49794,2.31,2.25
03.07.2018 00:45:53.003,1.49994,1.49794,1.2,2.65
03.07.2018 00:45:54.398,1.49995,1.49795,2.74,2.23
03.07.2018 00:45:55.813,1.49996,1.49796,1.17,1.07
03.07.2018 00:45:57.123,1.5,1.498,2.95,1.29
03.07.2018 00:45:58.445,1.5,1.498,1.33,2.14
03.07.2018 00:45:59.979,1.50004,1.49804,1.26,1.14
03.07.2018 00:46:01.243,1.50004,1.49804,1.53,1.3
03.07.2018 00:46:02.605,1.50004,1.49804,2.89,2.31
03.07.2018 00:46:03.986,1.50006,1.49806,2.63,2.14
03.07.2018 00:46:05.460,1.50007,1.49807,1.69,2.87
03.07.2018 00:46:06.955,1.50009,1.49809,2.19,1.38
03.07.2018 00:46:08.320,1.50008,1.49808,1.18,2.05
03.07.2018 00:46:09.788,1.50009,1.49809,1.4,2.54
03.07.2018 00:46:11.194,1.50009,1.49809,1.98,1.59
